<?xml version="1.0" encoding="UTF-8"?>
<root><XmlDocVersion/><ChainId/><SubChainId>1</SubChainId><StoreId>48</StoreId><BikoretNo>9</BikoretNo><Items><item><PriceUpdateDate>2016-03-22 08:18:06</PriceUpdateDate><ItemCode>1014</ItemCode><ItemType>3</ItemType><ItemName>אבוקדו</ItemName><ManufacturerName>לא ידוע</ManufacturerName><ManufactureCountry>ישראל</ManufactureCountry><ManufacturerItemDescription>אבוקדו</ManufacturerItemDescription><SoldByWeight/><Quantity>1.00</Quantity><UnitOfMeasure>ק"ג</UnitOfMeasure><QtyInPackage>לא ידוע</QtyInPackage><UnitOfMeasurePrice>19.9000</UnitOfMeasurePrice><AllowDiscount>1</AllowDiscount><ItemStatus>1</ItemStatus><ItemPrice>19.90</ItemPrice></item><item><PriceUpdateDate>2016-03-29 07:10:16</PriceUpdateDate><ItemCode>1038</ItemCode><ItemType>3</ItemType><ItemName>אגס לבן</ItemName><ManufacturerName>.N.Y.C</ManufacturerName><ManufactureCountry>ישראל</ManufactureCountry><ManufacturerItemDescription>אגס לבן</ManufacturerItemDescription><SoldByWeight/><Quantity>1.00</Quantity><UnitOfMeasure>ק"ג</UnitOfMeasure><QtyInPackage>לא ידוע</QtyInPackage><UnitOfMeasurePrice>11.9000</UnitOfMeasurePrice><AllowDiscount>1</AllowDiscount><ItemStatus>1</ItemStatus><ItemPrice>11.90</ItemPrice></item><item><PriceUpdateDate>2016-05-02 08:00:05</PriceUpdateDate><ItemCode>1083</ItemCode><ItemType>3</ItemType><ItemName>אפרסקים</ItemName><ManufacturerName>B.B.B</ManufacturerName><ManufactureCountry>ישראל</ManufactureCountry><ManufacturerItemDescription>אפרסקים</ManufacturerItemDescription><SoldByWeight/><Quantity>1.00</Quantity><UnitOfMeasure>ק"ג</UnitOfMeasure><QtyInPackage>לא ידוע</QtyInPackage><UnitOfMeasurePrice>13.9000</UnitOfMeasurePrice><AllowDiscount>1</AllowDiscount><ItemStatus>1</ItemStatus><ItemPrice>13.90</ItemPrice></item><item><PriceUpdateDate>2016-04-26 14:35:44</PriceUpdateDate><ItemCode>1090</ItemCode><ItemType>3</ItemType><ItemName>נקטרינה</ItemName><ManufacturerName>B.B.B</ManufacturerName><ManufactureCountry>ישראל</ManufactureCountry><ManufacturerItemDescription>נקטרינה</ManufacturerItemDescription><SoldByWeight/><Quantity>1.00</Quantity><UnitOfMeasure>ק"ג</UnitOfMeasure><QtyInPackage>לא ידוע</QtyInPackage><UnitOfMeasurePrice>13.9000</UnitOfMeasurePrice><AllowDiscount>1</AllowDiscount><ItemStatus>1</ItemStatus><ItemPrice>13.90</ItemPrice></item><item><PriceUpdateDate>2016-03-29 07:10:16</PriceUpdateDate><ItemCode>1120</ItemCode><ItemType>3</ItemType><ItemName>בננות</ItemName><ManufacturerName>B.B.B</ManufacturerName><ManufactureCountry>ישראל</ManufactureCountry><ManufacturerItemDescription>בננות</ManufacturerItemDescription><SoldByWeight/><Quantity>1.00</Quantity><UnitOfMeasure>ק"ג</UnitOfMeasure><QtyInPackage>לא ידוע</QtyInPackage><UnitOfMeasurePrice>9.9000</UnitOfMeasurePrice><AllowDiscount>1</AllowDiscount><ItemStatus>1</ItemStatus><ItemPrice>9.90</ItemPrice></item><item><PriceUpdateDate>2014-12-01 06:28:15</PriceUpdateDate><ItemCode>11588641</ItemCode><ItemType>1</ItemType><ItemName>כוס חד פעמי</ItemName><ManufacturerName>הנמל</ManufacturerName><ManufactureCountry>ישראל</ManufactureCountry><ManufacturerItemDescription>כוס חד פעמי</ManufacturerItemDescription><SoldByWeight/><Quantity>0.00</Quantity><UnitOfMeasure>יח'</UnitOfMeasure><QtyInPackage>לא ידוע</QtyInPackage><UnitOfMeasurePrice>0.0000</UnitOfMeasurePrice><AllowDiscount>1</AllowDiscount><ItemStatus>1</ItemStatus><ItemPrice>0.15</ItemPrice></item><item><PriceUpdateDate>2016-01-05 08:33:39</PriceUpdateDate><ItemCode>1168</ItemCode><ItemType>3</ItemType><ItemName>לימון מובחר</ItemName><ManufacturerName>.N.Y.C</ManufacturerName><ManufactureCountry>ישראל</ManufactureCountry><ManufacturerItemDescription>לימון מובחר</ManufacturerItemDescription><SoldByWeight/><Quantity>1.00</Quantity><UnitOfMeasure>ק"ג</UnitOfMeasure><QtyInPackage>לא ידוע</QtyInPackage><UnitOfMeasurePrice>7.9000</UnitOfMeasurePrice><AllowDiscount>1</AllowDiscount><ItemStatus>1</ItemStatus><ItemPrice>7.90</ItemPrice></item><item><PriceUpdateDate>2016-05-08 10:32:12</PriceUpdateDate><ItemCode>1182</ItemCode><ItemType>3</ItemType><ItemName>מלון</ItemName><ManufacturerName>לא ידוע</ManufacturerName><ManufactureCountry>ישראל</ManufactureCountry><ManufacturerItemDescription>מלון</ManufacturerItemDescription><SoldByWeight/><Quantity>1.00</Quantity><UnitOfMeasure>ק"ג</UnitOfMeasure><QtyInPackage>לא ידוע</QtyInPackage><UnitOfMeasurePrice>6.9000</UnitOfMeasurePrice><AllowDiscount>1</AllowDiscount><ItemStatus>1</ItemStatus><ItemPrice>7.90</ItemPrice></item><item><PriceUpdateDate>2016-05-04 07:47:51</PriceUpdateDate><ItemCode>1205</ItemCode><ItemType>3</ItemType><ItemName>משמש</ItemName><ManufacturerName>7 DAYS</ManufacturerName><ManufactureCountry>ישראל</ManufactureCountry><ManufacturerItemDescription>משמש</ManufacturerItemDescription><SoldByWeight/><Quantity>1.00</Quantity><UnitOfMeasure>ק"ג</UnitOfMeasure><QtyInPackage>לא ידוע</QtyInPackage><UnitOfMeasurePrice>26.9000</UnitOfMeasurePrice><AllowDiscount>1</AllowDiscount><ItemStatus>1</ItemStatus><ItemPrice>24.90</ItemPrice></item><item><PriceUpdateDate>2016-05-02 08:00:05</PriceUpdateDate><ItemCode>1250</ItemCode><ItemType>3</ItemType><ItemName>אבטיח</ItemName><ManufacturerName>B.B.B</ManufacturerName><ManufactureCountry>ישראל</ManufactureCountry><ManufacturerItemDescription>אבטיח</ManufacturerItemDescription><SoldByWeight/><Quantity>1.00</Quantity><UnitOfMeasure>ק"ג</UnitOfMeasure><QtyInPackage>לא ידוע</QtyInPackage><UnitOfMeasurePrice>5.9000</UnitOfMeasurePrice><AllowDiscount>1</AllowDiscount><ItemStatus>1</ItemStatus><ItemPrice>5.90</ItemPrice></item><item><PriceUpdateDate>2015-10-13 07:17:05</PriceUpdateDate><ItemCode>1274</ItemCode><ItemType>3</ItemType><ItemName>פומלה</ItemName><ManufacturerName>B.B.B</ManufacturerName><ManufactureCountry>ישראל</ManufactureCountry><ManufacturerItemDescription>פומלה</ManufacturerItemDescription><SoldByWeight/><Quantity>1.00</Quantity><UnitOfMeasure>ק"ג</UnitOfMeasure><QtyInPackage>לא ידוע</QtyInPackage><UnitOfMeasurePrice>7.9000</UnitOfMeasurePrice><AllowDiscount>1</AllowDiscount><ItemStatus>1</ItemStatus><ItemPrice>7.90</ItemPrice></item><item><PriceUpdateDate>2015-11-09 06:58:45</PriceUpdateDate><ItemCode>1298</ItemCode><ItemType>3</ItemType><ItemName>פומלית</ItemName><ManufacturerName>B.B.B</ManufacturerName><ManufactureCountry>ישראל</ManufactureCountry><ManufacturerItemDescription>פומלית</ManufacturerItemDescription><SoldByWeight/><Quantity>1.00</Quantity><UnitOfMeasure>ק"ג</UnitOfMeasure><QtyInPackage>לא ידוע</QtyInPackage><UnitOfMeasurePrice>6.9000</UnitOfMeasurePrice><AllowDiscount>1</AllowDiscount><ItemStatus>1</ItemStatus><ItemPrice>6.90</ItemPrice></item><item><PriceUpdateDate>2016-01-20 06:35:59</PriceUpdateDate><ItemCode>1304</ItemCode><ItemType>3</ItemType><ItemName>רימונים</ItemName><ManufacturerName>B.B.B</ManufacturerName><ManufactureCountry>ישראל</ManufactureCountry><ManufacturerItemDescription>רימונים</ManufacturerItemDescription><SoldByWeight/><Quantity>1.00</Quantity><UnitOfMeasure>ק"ג</UnitOfMeasure><QtyInPackage>לא ידוע</QtyInPackage><UnitOfMeasurePrice>9.9000</UnitOfMeasurePrice><AllowDiscount>1</AllowDiscount><ItemStatus>1</ItemStatus><ItemPrice>9.90</ItemPrice></item><item><PriceUpdateDate>2015-11-15 20:31:57</PriceUpdateDate><ItemCode>13071264</ItemCode><ItemType>1</ItemType><ItemName>שתיה קרה 1.5 ליטר</ItemName><ManufacturerName>לא ממותג</ManufacturerName><ManufactureCountry>ישראל</ManufactureCountry><ManufacturerItemDescription>שתיה קרה 1.5 ליטר</ManufacturerItemDescription><SoldByWeight/><Quantity>1500.00</Quantity><UnitOfMeasure>מ"ל</UnitOfMeasure><QtyInPackage>לא ידוע</QtyInPackage><UnitOfMeasurePrice>0.0063</UnitOfMeasurePrice><AllowDiscount>1</AllowDiscount><ItemStatus>1</ItemStatus><ItemPrice>9.40</ItemPrice></item><item><PriceUpdateDate>2016-03-16 14:00:59</PriceUpdateDate><ItemCode>13495113506</ItemCode><ItemType>1</ItemType><ItemName>חטיף קליק ביסקויט 75</ItemName><ManufacturerName>קליק ורד הגליל</ManufacturerName><ManufactureCountry>ישראל</ManufactureCountry><ManufacturerItemDescription>קליק ביסקוויט 75 גר</ManufacturerItemDescription><SoldByWeight/><Quantity>75.00</Quantity><UnitOfMeasure>גרם     </UnitOfMeasure><QtyInPackage>לא ידוע</QtyInPackage><UnitOfMeasurePrice>0.0853</UnitOfMeasurePrice><AllowDiscount>1</AllowDiscount><ItemStatus>1</ItemStatus><ItemPrice>6.40</ItemPrice></item><item><PriceUpdateDate>2016-03-16 14:00:59</PriceUpdateDate><ItemCode>13495113513</ItemCode><ItemType>1</ItemType><ItemName>חטיף קליק כדורים 75</ItemName><ManufacturerName>קליק ורד הגליל</ManufacturerName><ManufactureCountry>ישראל</ManufactureCountry><ManufacturerItemDescription>קליק חלב 75 גר</ManufacturerItemDescription><SoldByWeight/><Quantity>75.00</Quantity><UnitOfMeasure>גרם     </UnitOfMeasure><QtyInPackage>לא ידוע</QtyInPackage><UnitOfMeasurePrice>0.0853</UnitOfMeasurePrice><AllowDiscount>1</AllowDiscount><ItemStatus>1</ItemStatus><ItemPrice>6.40</ItemPrice></item><item><PriceUpdateDate>2016-03-16 14:00:59</PriceUpdateDate><ItemCode>13495113520</ItemCode><ItemType>1</ItemType><ItemName>חטיף קליק קורנפלקס 7</ItemName><ManufacturerName>קליק ורד הגליל</ManufacturerName><ManufactureCountry>ישראל</ManufactureCountry><ManufacturerItemDescription>קליק קורנפלקס 75 גר</ManufacturerItemDescription><SoldByWeight/><Quantity>75.00</Quantity><UnitOfMeasure>גרם     </UnitOfMeasure><QtyInPackage>לא ידוע</QtyInPackage><UnitOfMeasurePrice>0.0853</UnitOfMeasurePrice><AllowDiscount>1</AllowDiscount><ItemStatus>1</ItemStatus><ItemPrice>6.40</ItemPrice></item><item><PriceUpdateDate>2016-03-16 14:00:59</PriceUpdateDate><ItemCode>13495113537</ItemCode><ItemType>1</ItemType><ItemName>חטיף קליק חום לבן 75</ItemName><ManufacturerName>קליק ורד הגליל</ManufacturerName><ManufactureCountry>ישראל</ManufactureCountry><ManufacturerItemDescription>קליק חום לבן 75 גרם</ManufacturerItemDescription><SoldByWeight/><Quantity>75.00</Quantity><UnitOfMeasure>גרם     </UnitOfMeasure><QtyInPackage>לא ידוע</QtyInPackage><UnitOfMeasurePrice>0.0853</UnitOfMeasurePrice><AllowDiscount>1</AllowDiscount><ItemStatus>1</ItemStatus><ItemPrice>6.40</ItemPrice></item><item><PriceUpdateDate>2016-03-16 14:00:59</PriceUpdateDate><ItemCode>13495113582</ItemCode><ItemType>1</ItemType><ItemName>חטיף קליק כריות 75 ג</ItemName><ManufacturerName>קליק ורד הגליל</ManufacturerName><ManufactureCountry>ישראל</ManufactureCountry><ManufacturerItemDescription>קליק כריות 75 גר</ManufacturerItemDescription><SoldByWeight/><Quantity>75.00</Quantity><UnitOfMeasure>גרם     </UnitOfMeasure><QtyInPackage>לא ידוע</QtyInPackage><UnitOfMeasurePrice>0.0853</UnitOfMeasurePrice><AllowDiscount>1</AllowDiscount><ItemStatus>1</ItemStatus><ItemPrice>6.40</ItemPrice></item><item><PriceUpdateDate>2014-12-01 06:29:02</PriceUpdateDate><ItemCode>1410</ItemCode><ItemType>3</ItemType><ItemName>תפוח גרנד סמיט</ItemName><ManufacturerName>לא ממותג</ManufacturerName><ManufactureCountry>ישראל</ManufactureCountry><ManufacturerItemDescription>תפוח גרנד סמיט</ManufacturerItemDescription><SoldByWeight/><Quantity>1.00</Quantity><UnitOfMeasure>ק"ג</UnitOfMeasure><QtyInPackage>לא ידוע</QtyInPackage><UnitOfMeasurePrice>9.9000</UnitOfMeasurePrice><AllowDiscount>1</AllowDiscount><ItemStatus>1</ItemStatus><ItemPrice>9.90</ItemPrice></item><item><PriceUpdateDate>2014-12-01 06:29:02</PriceUpdateDate><ItemCode>1427</ItemCode><ItemType>3</ItemType><ItemName>תפוח זהוב גדול</ItemName><ManufacturerName>לא ידוע</ManufacturerName><ManufactureCountry>ישראל</ManufactureCountry><ManufacturerItemDescription>תפוח זהוב גדול</ManufacturerItemDescription><SoldByWeight/><Quantity>1.00</Quantity><UnitOfMeasure>ק"ג</UnitOfMeasure><QtyInPackage>לא ידוע</QtyInPackage><UnitOfMeasurePrice>9.9000</UnitOfMeasurePrice><AllowDiscount>1</AllowDiscount><ItemStatus>1</ItemStatus><ItemPrice>9.90</ItemPrice></item><item><PriceUpdateDate>2014-12-01 06:29:02</PriceUpdateDate><ItemCode>1441</ItemCode><ItemType>3</ItemType><ItemName>תפוח חרמון</ItemName><ManufacturerName>לא ממותג</ManufacturerName><ManufactureCountry>ישראל</ManufactureCountry><ManufacturerItemDescription>תפוח חרמון</ManufacturerItemDescription><SoldByWeight/><Quantity>1.00</Quantity><UnitOfMeasure>ק"ג</UnitOfMeasure><QtyInPackage>לא ידוע</QtyInPackage><UnitOfMeasurePrice>9.9000</UnitOfMeasurePrice><AllowDiscount>1</AllowDiscount><ItemStatus>1</ItemStatus><ItemPrice>9.90</ItemPrice></item><item><PriceUpdateDate>2016-04-18 11:09:41</PriceUpdateDate><ItemCode>1526</ItemCode><ItemType>3</ItemType><ItemName>ארטישוק</ItemName><ManufacturerName>B.B.B</ManufacturerName><ManufactureCountry>ישראל</ManufactureCountry><ManufacturerItemDescription>ארטישוק</ManufacturerItemDescription><SoldByWeight/><Quantity>1.00</Quantity><UnitOfMeasure>ק"ג</UnitOfMeasure><QtyInPackage>לא ידוע</QtyInPackage><UnitOfMeasurePrice>7.9000</UnitOfMeasurePrice><AllowDiscount>1</AllowDiscount><ItemStatus>1</ItemStatus><ItemPrice>7.90</ItemPrice></item><item><PriceUpdateDate>2016-04-11 15:05:26</PriceUpdateDate><ItemCode>1533</ItemCode><ItemType>3</ItemType><ItemName>בצל יבש מובחר</ItemName><ManufacturerName>B.B.B</ManufacturerName><ManufactureCountry>ישראל</ManufactureCountry><ManufacturerItemDescription>בצל יבש מובחר</ManufacturerItemDescription><SoldByWeight/><Quantity>1.00</Quantity><UnitOfMeasure>ק"ג</UnitOfMeasure><QtyInPackage>לא ידוע</QtyInPackage><UnitOfMeasurePrice>4.9000</UnitOfMeasurePrice><AllowDiscount>1</AllowDiscount><ItemStatus>1</ItemStatus><ItemPrice>4.90</ItemPrice></item><item><PriceUpdateDate>2016-04-07 07:57:15</PriceUpdateDate><ItemCode>1540</ItemCode><ItemType>3</ItemType><ItemName>דלורית</ItemName><ManufacturerName>B.B.B</ManufacturerName><ManufactureCountry>ישראל</ManufactureCountry><ManufacturerItemDescription>דלורית</ManufacturerItemDescription><SoldByWeight/><Quantity>1.00</Quantity><UnitOfMeasure>ק"ג</UnitOfMeasure><QtyInPackage>לא ידוע</QtyInPackage><UnitOfMeasurePrice>11.9000</UnitOfMeasurePrice><AllowDiscount>1</AllowDiscount><ItemStatus>1</ItemStatus><ItemPrice>11.90</ItemPrice></item><item><PriceUpdateDate>2015-08-03 12:36:47</PriceUpdateDate><ItemCode>1557</ItemCode><ItemType>3</ItemType><ItemName>בטטה מובחרת</ItemName><ManufacturerName>B.B.B</ManufacturerName><ManufactureCountry>ישראל</ManufactureCountry><ManufacturerItemDescription>בטטה מובחרת</ManufacturerItemDescription><SoldByWeight/><Quantity>1.00</Quantity><UnitOfMeasure>ק"ג</UnitOfMeasure><QtyInPackage>לא ידוע</QtyInPackage><UnitOfMeasurePrice>9.9000</UnitOfMeasurePrice><AllowDiscount>1</AllowDiscount><ItemStatus>1</ItemStatus><ItemPrice>9.90</ItemPrice></item><item><PriceUpdateDate>2016-03-29 07:28:01</PriceUpdateDate><ItemCode>1571</ItemCode><ItemType>3</ItemType><ItemName>גזר ארוז</ItemName><ManufacturerName>B.B.B</ManufacturerName><ManufactureCountry>ישראל</ManufactureCountry><ManufacturerItemDescription>גזר ארוז</ManufacturerItemDescription><SoldByWeight/><Quantity>1.00</Quantity><UnitOfMeasure>ק"ג</UnitOfMeasure><QtyInPackage>לא ידוע</QtyInPackage><UnitOfMeasurePrice>4.9000</UnitOfMeasurePrice><AllowDiscount>1</AllowDiscount><ItemStatus>1</ItemStatus><ItemPrice>4.90</ItemPrice></item><item><PriceUpdateDate>2016-03-16 07:09:12</PriceUpdateDate><ItemCode>1595</ItemCode><ItemType>3</ItemType><ItemName>דלעת</ItemName><ManufacturerName>B.B.B</ManufacturerName><ManufactureCountry>ישראל</ManufactureCountry><ManufacturerItemDescription>דלעת</ManufacturerItemDescription><SoldByWeight/><Quantity>1.00</Quantity><UnitOfMeasure>ק"ג</UnitOfMeasure><QtyInPackage>לא ידוע</QtyInPackage><UnitOfMeasurePrice>10.9000</UnitOfMeasurePrice><AllowDiscount>1</AllowDiscount><ItemStatus>1</ItemStatus><ItemPrice>10.90</ItemPrice></item><item><PriceUpdateDate>2016-04-26 14:35:44</PriceUpdateDate><ItemCode>1618</ItemCode><ItemType>3</ItemType><ItemName>חציל חממה מובחר</ItemName><ManufacturerName>B.B.B</ManufacturerName><ManufactureCountry>ישראל</ManufactureCountry><ManufacturerItemDescription>חציל חממה מובחר</ManufacturerItemDescription><SoldByWeight/><Quantity>1.00</Quantity><UnitOfMeasure>ק"ג</UnitOfMeasure><QtyInPackage>לא ידוע</QtyInPackage><UnitOfMeasurePrice>7.9000</UnitOfMeasurePrice><AllowDiscount>1</AllowDiscount><ItemStatus>1</ItemStatus><ItemPrice>7.90</ItemPrice></item><item><PriceUpdateDate>2016-04-28 08:03:53</PriceUpdateDate><ItemCode>1625</ItemCode><ItemType>3</ItemType><ItemName>כרובית</ItemName><ManufacturerName>B.B.B</ManufacturerName><ManufactureCountry>ישראל</ManufactureCountry><ManufacturerItemDescription>כרובית</ManufacturerItemDescription><SoldByWeight/><Quantity>1.00</Quantity><UnitOfMeasure>ק"ג</UnitOfMeasure><QtyInPackage>לא ידוע</QtyInPackage><UnitOfMeasurePrice>7.9000</UnitOfMeasurePrice><AllowDiscount>1</AllowDiscount><ItemStatus>1</ItemStatus><ItemPrice>7.90</ItemPrice></item><item><PriceUpdateDate>2016-01-14 06:59:39</PriceUpdateDate><ItemCode>1632</ItemCode><ItemType>3</ItemType><ItemName>כרוב לבן</ItemName><ManufacturerName>.N.Y.C</ManufacturerName><ManufactureCountry>ישראל</ManufactureCountry><ManufacturerItemDescription>כרוב לבן</ManufacturerItemDescription><SoldByWeight/><Quantity>1.00</Quantity><UnitOfMeasure>ק"ג</UnitOfMeasure><QtyInPackage>לא ידוע</QtyInPackage><UnitOfMeasurePrice>5.9000</UnitOfMeasurePrice><AllowDiscount>1</AllowDiscount><ItemStatus>1</ItemStatus><ItemPrice>5.90</ItemPrice></item><item><PriceUpdateDate>2016-03-15 07:20:53</PriceUpdateDate><ItemCode>1649</ItemCode><ItemType>3</ItemType><ItemName>כרוב אדום</ItemName><ManufacturerName>.N.Y.C</ManufacturerName><ManufactureCountry>ישראל</ManufactureCountry><ManufacturerItemDescription>כרוב אדום</ManufacturerItemDescription><SoldByWeight/><Quantity>1.00</Quantity><UnitOfMeasure>ק"ג</UnitOfMeasure><QtyInPackage>לא ידוע</QtyInPackage><UnitOfMeasurePrice>5.9000</UnitOfMeasurePrice><AllowDiscount>1</AllowDiscount><ItemStatus>1</ItemStatus><ItemPrice>5.90</ItemPrice></item><item><PriceUpdateDate>2016-02-17 06:56:42</PriceUpdateDate><ItemCode>1670</ItemCode><ItemType>3</ItemType><ItemName>לוף כרישה</ItemName><ManufacturerName>B.B.B</ManufacturerName><ManufactureCountry>ישראל</ManufactureCountry><ManufacturerItemDescription>לוף כרישה</ManufacturerItemDescription><SoldByWeight/><Quantity>1.00</Quantity><UnitOfMeasure>ק"ג</UnitOfMeasure><QtyInPackage>לא ידוע</QtyInPackage><UnitOfMeasurePrice>9.9000</UnitOfMeasurePrice><AllowDiscount>1</AllowDiscount><ItemStatus>1</ItemStatus><ItemPrice>9.90</ItemPrice></item><item><PriceUpdateDate>2016-03-01 07:12:44</PriceUpdateDate><ItemCode>1687</ItemCode><ItemType>3</ItemType><ItemName>לפת מובחרת</ItemName><ManufacturerName>B.B.B</ManufacturerName><ManufactureCountry>ישראל</ManufactureCountry><ManufacturerItemDescription>לפת מובחרת</ManufacturerItemDescription><SoldByWeight/><Quantity>1.00</Quantity><UnitOfMeasure>ק"ג</UnitOfMeasure><QtyInPackage>לא ידוע</QtyInPackage><UnitOfMeasurePrice>5.9000</UnitOfMeasurePrice><AllowDiscount>1</AllowDiscount><ItemStatus>1</ItemStatus><ItemPrice>5.90</ItemPrice></item><item><PriceUpdateDate>2016-05-05 17:55:30</PriceUpdateDate><ItemCode>1694</ItemCode><ItemType>3</ItemType><ItemName>מלפפון מובחר</ItemName><ManufacturerName>B.B.B</ManufacturerName><ManufactureCountry>ישראל</ManufactureCountry><ManufacturerItemDescription>מלפפון מובחר</ManufacturerItemDescription><SoldByWeight/><Quantity>1.00</Quantity><UnitOfMeasure>ק"ג</UnitOfMeasure><QtyInPackage>לא ידוע</QtyInPackage><UnitOfMeasurePrice>6.9000</UnitOfMeasurePrice><AllowDiscount>1</AllowDiscount><ItemStatus>1</ItemStatus><ItemPrice>6.90</ItemPrice></item><item><PriceUpdateDate>2016-04-21 07:15:49</PriceUpdateDate><ItemCode>1724</ItemCode><ItemType>3</ItemType><ItemName>סלק אדום מובחר</ItemName><ManufacturerName>B.B.B</ManufacturerName><ManufactureCountry>ישראל</ManufactureCountry><ManufacturerItemDescription>סלק אדום מובחר</ManufacturerItemDescription><SoldByWeight/><Quantity>1.00</Quantity><UnitOfMeasure>ק"ג</UnitOfMeasure><QtyInPackage>לא ידוע</QtyInPackage><UnitOfMeasurePrice>5.9000</UnitOfMeasurePrice><AllowDiscount>1</AllowDiscount><ItemStatus>1</ItemStatus><ItemPrice>5.90</ItemPrice></item><item><PriceUpdateDate>2016-05-03 07:12:16</PriceUpdateDate><ItemCode>1755</ItemCode><ItemType>3</ItemType><ItemName>עגבנייה מובחרת</ItemName><ManufacturerName>B.B.B</ManufacturerName><ManufactureCountry>ישראל</ManufactureCountry><ManufacturerItemDescription>עגבנייה מובחרת</ManufacturerItemDescription><SoldByWeight/><Quantity>1.00</Quantity><UnitOfMeasure>ק"ג</UnitOfMeasure><QtyInPackage>לא ידוע</QtyInPackage><UnitOfMeasurePrice>5.9000</UnitOfMeasurePrice><AllowDiscount>1</AllowDiscount><ItemStatus>1</ItemStatus><ItemPrice>5.90</ItemPrice></item><item><PriceUpdateDate>2016-03-21 07:32:17</PriceUpdateDate><ItemCode>1779</ItemCode><ItemType>3</ItemType><ItemName>פלפל בהיר</ItemName><ManufacturerName>B.B.B</ManufacturerName><ManufactureCountry>ישראל</ManufactureCountry><ManufacturerItemDescription>פלפל בהיר</ManufacturerItemDescription><SoldByWeight/><Quantity>1.00</Quantity><UnitOfMeasure>ק"ג</UnitOfMeasure><QtyInPackage>לא ידוע</QtyInPackage><UnitOfMeasurePrice>11.9000</UnitOfMeasurePrice><AllowDiscount>1</AllowDiscount><ItemStatus>1</ItemStatus><ItemPrice>11.90</ItemPrice></item><item><PriceUpdateDate>2016-04-13 08:29:06</PriceUpdateDate><ItemCode>1786</ItemCode><ItemType>3</ItemType><ItemName>פלפל ירוק כהה</ItemName><ManufacturerName>B.B.B</ManufacturerName><ManufactureCountry>ישראל</ManufactureCountry><ManufacturerItemDescription>פלפל ירוק כהה</ManufacturerItemDescription><SoldByWeight/><Quantity>1.00</Quantity><UnitOfMeasure>ק"ג</UnitOfMeasure><QtyInPackage>לא ידוע</QtyInPackage><UnitOfMeasurePrice>10.9000</UnitOfMeasurePrice><AllowDiscount>1</AllowDiscount><ItemStatus>1</ItemStatus><ItemPrice>10.90</ItemPrice></item><item><PriceUpdateDate>2016-05-04 07:47:51</PriceUpdateDate><ItemCode>1793</ItemCode><ItemType>3</ItemType><ItemName>פלפל חריף</ItemName><ManufacturerName>B.B.B</ManufacturerName><ManufactureCountry>ישראל</ManufactureCountry><ManufacturerItemDescription>פלפל חריף</ManufacturerItemDescription><SoldByWeight/><Quantity>1.00</Quantity><UnitOfMeasure>ק"ג</UnitOfMeasure><QtyInPackage>לא ידוע</QtyInPackage><UnitOfMeasurePrice>9.9000</UnitOfMeasurePrice><AllowDiscount>1</AllowDiscount><ItemStatus>1</ItemStatus><ItemPrice>9.90</ItemPrice></item><item><PriceUpdateDate>2016-05-02 08:00:05</PriceUpdateDate><ItemCode>1809</ItemCode><ItemType>3</ItemType><ItemName>פלפל אדום מובחר</ItemName><ManufacturerName>B.B.B</ManufacturerName><ManufactureCountry>ישראל</ManufactureCountry><ManufacturerItemDescription>פלפל אדום מובחר</ManufacturerItemDescription><SoldByWeight/><Quantity>1.00</Quantity><UnitOfMeasure>ק"ג</UnitOfMeasure><QtyInPackage>לא ידוע</QtyInPackage><UnitOfMeasurePrice>11.9000</UnitOfMeasurePrice><AllowDiscount>1</AllowDiscount><ItemStatus>1</ItemStatus><ItemPrice>11.90</ItemPrice></item><item><PriceUpdateDate>2015-12-27 08:44:52</PriceUpdateDate><ItemCode>1823</ItemCode><ItemType>3</ItemType><ItemName>צנון אדום</ItemName><ManufacturerName>B.B.B</ManufacturerName><ManufactureCountry>ישראל</ManufactureCountry><ManufacturerItemDescription>צנון אדום</ManufacturerItemDescription><SoldByWeight/><Quantity>1.00</Quantity><UnitOfMeasure>ק"ג</UnitOfMeasure><QtyInPackage>לא ידוע</QtyInPackage><UnitOfMeasurePrice>6.9000</UnitOfMeasurePrice><AllowDiscount>1</AllowDiscount><ItemStatus>1</ItemStatus><ItemPrice>6.90</ItemPrice></item><item><PriceUpdateDate>2016-04-18 11:09:41</PriceUpdateDate><ItemCode>1830</ItemCode><ItemType>3</ItemType><ItemName>קולורבי</ItemName><ManufacturerName>B.B.B</ManufacturerName><ManufactureCountry>ישראל</ManufactureCountry><ManufacturerItemDescription>קולורבי</ManufacturerItemDescription><SoldByWeight/><Quantity>1.00</Quantity><UnitOfMeasure>ק"ג</UnitOfMeasure><QtyInPackage>לא ידוע</QtyInPackage><UnitOfMeasurePrice>5.9000</UnitOfMeasurePrice><AllowDiscount>1</AllowDiscount><ItemStatus>1</ItemStatus><ItemPrice>5.90</ItemPrice></item><item><PriceUpdateDate>2016-05-05 17:55:30</PriceUpdateDate><ItemCode>1847</ItemCode><ItemType>3</ItemType><ItemName>קישואים לבנים</ItemName><ManufacturerName>B.B.B</ManufacturerName><ManufactureCountry>ישראל</ManufactureCountry><ManufacturerItemDescription>קישואים לבנים</ManufacturerItemDescription><SoldByWeight/><Quantity>1.00</Quantity><UnitOfMeasure>ק"ג</UnitOfMeasure><QtyInPackage>לא ידוע</QtyInPackage><UnitOfMeasurePrice>9.9000</UnitOfMeasurePrice><AllowDiscount>1</AllowDiscount><ItemStatus>1</ItemStatus><ItemPrice>9.90</ItemPrice></item><item><PriceUpdateDate>2016-01-28 06:49:29</PriceUpdateDate><ItemCode>185</ItemCode><ItemType>3</ItemType><ItemName>קישוא עגול א'</ItemName><ManufacturerName>.N.Y.C</ManufacturerName><ManufactureCountry>ישראל</ManufactureCountry><ManufacturerItemDescription>קישואים ירוקים</ManufacturerItemDescription><SoldByWeight/><Quantity>1.00</Quantity><UnitOfMeasure>ק"ג</UnitOfMeasure><QtyInPackage>לא ידוע</QtyInPackage><UnitOfMeasurePrice>11.9000</UnitOfMeasurePrice><AllowDiscount>1</AllowDiscount><ItemStatus>1</ItemStatus><ItemPrice>11.90</ItemPrice></item><item><PriceUpdateDate>2014-12-01 06:29:02</PriceUpdateDate><ItemCode>1885</ItemCode><ItemType>3</ItemType><ItemName>תפוחי אדמה ירושלמי</ItemName><ManufacturerName>B.B.B</ManufacturerName><ManufactureCountry>ישראל</ManufactureCountry><ManufacturerItemDescription>תפוחי אדמה ירושלמי</ManufacturerItemDescription><SoldByWeight/><Quantity>1.00</Quantity><UnitOfMeasure>ק"ג</UnitOfMeasure><QtyInPackage>לא ידוע</QtyInPackage><UnitOfMeasurePrice>14.9000</UnitOfMeasurePrice><AllowDiscount>1</AllowDiscount><ItemStatus>1</ItemStatus><ItemPrice>14.90</ItemPrice></item><item><PriceUpdateDate>2016-05-04 07:47:52</PriceUpdateDate><ItemCode>1939</ItemCode><ItemType>3</ItemType><ItemName>תירס אמריקאי</ItemName><ManufacturerName>B.B.B</ManufacturerName><ManufactureCountry>ישראל</ManufactureCountry><ManufacturerItemDescription>תירס אמריקאי</ManufacturerItemDescription><SoldByWeight/><Quantity>1.00</Quantity><UnitOfMeasure>ק"ג</UnitOfMeasure><QtyInPackage>לא ידוע</QtyInPackage><UnitOfMeasurePrice>9.9000</UnitOfMeasurePrice><AllowDiscount>1</AllowDiscount><ItemStatus>1</ItemStatus><ItemPrice>9.90</ItemPrice></item><item><PriceUpdateDate>2016-03-01 07:12:44</PriceUpdateDate><ItemCode>1946</ItemCode><ItemType>3</ItemType><ItemName>תפוח אדמה לבן</ItemName><ManufacturerName>B.B.B</ManufacturerName><ManufactureCountry>ישראל</ManufactureCountry><ManufacturerItemDescription>תפוח אדמה לבן</ManufacturerItemDescription><SoldByWeight/><Quantity>1.00</Quantity><UnitOfMeasure>ק"ג</UnitOfMeasure><QtyInPackage>לא ידוע</QtyInPackage><UnitOfMeasurePrice>5.5000</UnitOfMeasurePrice><AllowDiscount>1</AllowDiscount><ItemStatus>1</ItemStatus><ItemPrice>5.50</ItemPrice></item><item><PriceUpdateDate>2014-12-01 06:29:02</PriceUpdateDate><ItemCode>1991</ItemCode><ItemType>3</ItemType><ItemName>ג'ינג'ר בתפזורת</ItemName><ManufacturerName>B.B.B</ManufacturerName><ManufactureCountry>ישראל</ManufactureCountry><ManufacturerItemDescription>ג'ינג'ר בתפזורת</ManufacturerItemDescription><SoldByWeight/><Quantity>1.00</Quantity><UnitOfMeasure>ק"ג</UnitOfMeasure><QtyInPackage>לא ידוע</QtyInPackage><UnitOfMeasurePrice>40.0000</UnitOfMeasurePrice><AllowDiscount>1</AllowDiscount><ItemStatus>1</ItemStatus><ItemPrice>40.00</ItemPrice></item><item><PriceUpdateDate>2016-03-28 08:52:08</PriceUpdateDate><ItemCode>2028</ItemCode><ItemType>3</ItemType><ItemName>ברוקולי</ItemName><ManufacturerName>B.B.B</ManufacturerName><ManufactureCountry>ישראל</ManufactureCountry><ManufacturerItemDescription>ברוקולי</ManufacturerItemDescription><SoldByWeight/><Quantity>1.00</Quantity><UnitOfMeasure>ק"ג</UnitOfMeasure><QtyInPackage>לא ידוע</QtyInPackage><UnitOfMeasurePrice>18.9000</UnitOfMeasurePrice><AllowDiscount>1</AllowDiscount><ItemStatus>1</ItemStatus><ItemPrice>18.90</ItemPrice></item><item><PriceUpdateDate>2016-05-04 07:47:52</PriceUpdateDate><ItemCode>2059</ItemCode><ItemType>3</ItemType><ItemName>שומר</ItemName><ManufacturerName>B.B.B</ManufacturerName><ManufactureCountry>ישראל</ManufactureCountry><ManufacturerItemDescription>שומר</ManufacturerItemDescription><SoldByWeight/><Quantity>1.00</Quantity><UnitOfMeasure>ק"ג</UnitOfMeasure><QtyInPackage>לא ידוע</QtyInPackage><UnitOfMeasurePrice>7.9000</UnitOfMeasurePrice><AllowDiscount>1</AllowDiscount><ItemStatus>1</ItemStatus><ItemPrice>7.90</ItemPrice></item><item><PriceUpdateDate>2016-03-23 07:48:58</PriceUpdateDate><ItemCode>2073</ItemCode><ItemType>3</ItemType><ItemName>קיווי</ItemName><ManufacturerName>B.B.B</ManufacturerName><ManufactureCountry>ישראל</ManufactureCountry><ManufacturerItemDescription>קיווי</ManufacturerItemDescription><SoldByWeight/><Quantity>1.00</Quantity><UnitOfMeasure>ק"ג</UnitOfMeasure><QtyInPackage>לא ידוע</QtyInPackage><UnitOfMeasurePrice>18.9000</UnitOfMeasurePrice><AllowDiscount>1</AllowDiscount><ItemStatus>1</ItemStatus><ItemPrice>18.90</ItemPrice></item><item><PriceUpdateDate>2016-04-15 07:22:22</PriceUpdateDate><ItemCode>2127</ItemCode><ItemType>3</ItemType><ItemName>תפוח עץ  קירפס פינק</ItemName><ManufacturerName>דוד פרנקו</ManufacturerName><ManufactureCountry>ישראל</ManufactureCountry><ManufacturerItemDescription>תפוח עץ  קירפס פינק</ManufacturerItemDescription><SoldByWeight/><Quantity>1.00</Quantity><UnitOfMeasure>ק"ג</UnitOfMeasure><QtyInPackage>לא ידוע</QtyInPackage><UnitOfMeasurePrice>16.9000</UnitOfMeasurePrice><AllowDiscount>1</AllowDiscount><ItemStatus>1</ItemStatus><ItemPrice>16.90</ItemPrice></item><item><PriceUpdateDate>2015-08-04 06:42:46</PriceUpdateDate><ItemCode>2133986</ItemCode><ItemType>3</ItemType><ItemName>חמאת עיזים במשקל</ItemName><ManufacturerName>מחלבת השומרון</ManufacturerName><ManufactureCountry>לא ידוע</ManufactureCountry><ManufacturerItemDescription>חמאת עיזים במשקל</ManufacturerItemDescription><SoldByWeight/><Quantity>1.00</Quantity><UnitOfMeasure>ק"ג</UnitOfMeasure><QtyInPackage>לא ידוע</QtyInPackage><UnitOfMeasurePrice>69.0000</UnitOfMeasurePrice><AllowDiscount>1</AllowDiscount><ItemStatus>1</ItemStatus><ItemPrice>69.00</ItemPrice></item><item><PriceUpdateDate>2016-02-10 06:35:47</PriceUpdateDate><ItemCode>215</ItemCode><ItemType>3</ItemType><ItemName>בצל אדום</ItemName><ManufacturerName>B.B.B</ManufacturerName><ManufactureCountry>ישראל</ManufactureCountry><ManufacturerItemDescription>בצל אדום</ManufacturerItemDescription><SoldByWeight/><Quantity>1.00</Quantity><UnitOfMeasure>ק"ג</UnitOfMeasure><QtyInPackage>לא ידוע</QtyInPackage><UnitOfMeasurePrice>6.9000</UnitOfMeasurePrice><AllowDiscount>1</AllowDiscount><ItemStatus>1</ItemStatus><ItemPrice>6.90</ItemPrice></item><item><PriceUpdateDate>2016-04-08 07:38:26</PriceUpdateDate><ItemCode>2196</ItemCode><ItemType>3</ItemType><ItemName>תפוח יונתן</ItemName><ManufacturerName>לא ממותג</ManufacturerName><ManufactureCountry>ישראל</ManufactureCountry><ManufacturerItemDescription>תפוח יונתן</ManufacturerItemDescription><SoldByWeight/><Quantity>1.00</Quantity><UnitOfMeasure>ק"ג</UnitOfMeasure><QtyInPackage>לא ידוע</QtyInPackage><UnitOfMeasurePrice>12.9000</UnitOfMeasurePrice><AllowDiscount>1</AllowDiscount><ItemStatus>1</ItemStatus><ItemPrice>12.90</ItemPrice></item><item><PriceUpdateDate>2015-11-09 06:58:45</PriceUpdateDate><ItemCode>2233</ItemCode><ItemType>3</ItemType><ItemName>תפוזים</ItemName><ManufacturerName>לא ידוע</ManufacturerName><ManufactureCountry>ישראל</ManufactureCountry><ManufacturerItemDescription>תפוזים</ManufacturerItemDescription><SoldByWeight/><Quantity>1.00</Quantity><UnitOfMeasure>ק"ג</UnitOfMeasure><QtyInPackage>לא ידוע</QtyInPackage><UnitOfMeasurePrice>6.9000</UnitOfMeasurePrice><AllowDiscount>1</AllowDiscount><ItemStatus>1</ItemStatus><ItemPrice>6.90</ItemPrice></item><item><PriceUpdateDate>2015-12-01 07:17:46</PriceUpdateDate><ItemCode>2288</ItemCode><ItemType>3</ItemType><ItemName>קלמנטינה</ItemName><ManufacturerName>.N.Y.C</ManufacturerName><ManufactureCountry>ישראל</ManufactureCountry><ManufacturerItemDescription>קלמנטינה</ManufacturerItemDescription><SoldByWeight/><Quantity>1.00</Quantity><UnitOfMeasure>ק"ג</UnitOfMeasure><QtyInPackage>לא ידוע</QtyInPackage><UnitOfMeasurePrice>6.9000</UnitOfMeasurePrice><AllowDiscount>1</AllowDiscount><ItemStatus>1</ItemStatus><ItemPrice>6.90</ItemPrice></item><item><PriceUpdateDate>2016-04-20 08:18:16</PriceUpdateDate><ItemCode>24</ItemCode><ItemType>3</ItemType><ItemName>סברס</ItemName><ManufacturerName>7 אפ</ManufacturerName><ManufactureCountry>ישראל</ManufactureCountry><ManufacturerItemDescription>סברס</ManufacturerItemDescription><SoldByWeight/><Quantity>1.00</Quantity><UnitOfMeasure>ק"ג</UnitOfMeasure><QtyInPackage>לא ידוע</QtyInPackage><UnitOfMeasurePrice>26.9000</UnitOfMeasurePrice><AllowDiscount>1</AllowDiscount><ItemStatus>1</ItemStatus><ItemPrice>26.90</ItemPrice></item><item><PriceUpdateDate>2016-04-13 08:29:06</PriceUpdateDate><ItemCode>2410522</ItemCode><ItemType>3</ItemType><ItemName>מב דג בקלה צעיר</ItemName><ManufacturerName>מעדני הטלה והעגל</ManufacturerName><ManufactureCountry>ישראל</ManufactureCountry><ManufacturerItemDescription>מב דג בקלה צעיר</ManufacturerItemDescription><SoldByWeight/><Quantity>1.00</Quantity><UnitOfMeasure>ק"ג</UnitOfMeasure><QtyInPackage>לא ידוע</QtyInPackage><UnitOfMeasurePrice>17.9000</UnitOfMeasurePrice><AllowDiscount>1</AllowDiscount><ItemStatus>1</ItemStatus><ItemPrice>17.90</ItemPrice></item><item><PriceUpdateDate>2016-05-03 07:12:16</PriceUpdateDate><ItemCode>2462</ItemCode><ItemType>3</ItemType><ItemName>תפוזים קטנים למיץ בר</ItemName><ManufacturerName>B.B.B</ManufacturerName><ManufactureCountry>ישראל</ManufactureCountry><ManufacturerItemDescription>תפוזים קטנים למיץ בר</ManufacturerItemDescription><SoldByWeight/><Quantity>1.00</Quantity><UnitOfMeasure>ק"ג</UnitOfMeasure><QtyInPackage>לא ידוע</QtyInPackage><UnitOfMeasurePrice>5.9000</UnitOfMeasurePrice><AllowDiscount>1</AllowDiscount><ItemStatus>1</ItemStatus><ItemPrice>5.90</ItemPrice></item><item><PriceUpdateDate>2016-05-03 07:12:16</PriceUpdateDate><ItemCode>2479</ItemCode><ItemType>3</ItemType><ItemName>אשכולית אדומה</ItemName><ManufacturerName>לא ידוע</ManufacturerName><ManufactureCountry>ישראל</ManufactureCountry><ManufacturerItemDescription>אשכולית אדומה</ManufacturerItemDescription><SoldByWeight/><Quantity>1.00</Quantity><UnitOfMeasure>ק"ג</UnitOfMeasure><QtyInPackage>לא ידוע</QtyInPackage><UnitOfMeasurePrice>5.9000</UnitOfMeasurePrice><AllowDiscount>1</AllowDiscount><ItemStatus>1</ItemStatus><ItemPrice>5.90</ItemPrice></item><item><PriceUpdateDate>2016-04-13 08:29:05</PriceUpdateDate><ItemCode>260</ItemCode><ItemType>3</ItemType><ItemName>תפוח אדמה אדום</ItemName><ManufacturerName>B.B.B</ManufacturerName><ManufactureCountry>ישראל</ManufactureCountry><ManufacturerItemDescription>תפוח אדמה אדום</ManufacturerItemDescription><SoldByWeight/><Quantity>1.00</Quantity><UnitOfMeasure>ק"ג</UnitOfMeasure><QtyInPackage>לא ידוע</QtyInPackage><UnitOfMeasurePrice>5.5000</UnitOfMeasurePrice><AllowDiscount>1</AllowDiscount><ItemStatus>1</ItemStatus><ItemPrice>5.50</ItemPrice></item><item><PriceUpdateDate>2015-02-05 06:32:05</PriceUpdateDate><ItemCode>2787396</ItemCode><ItemType>3</ItemType><ItemName>גבינה צהובה "עלמה" 2</ItemName><ManufacturerName>"עלמה"</ManufacturerName><ManufactureCountry>ישראל</ManufactureCountry><ManufacturerItemDescription>גבינה צהובה "עלמה" 2</ManufacturerItemDescription><SoldByWeight/><Quantity>1.00</Quantity><UnitOfMeasure>ק"ג</UnitOfMeasure><QtyInPackage>לא ידוע</QtyInPackage><UnitOfMeasurePrice>38.0000</UnitOfMeasurePrice><AllowDiscount>1</AllowDiscount><ItemStatus>1</ItemStatus><ItemPrice>38.00</ItemPrice></item><item><PriceUpdateDate>2016-03-01 06:43:43</PriceUpdateDate><ItemCode>29424002001</ItemCode><ItemType>1</ItemType><ItemName>קוביות בטעם שוקו 200</ItemName><ManufacturerName>מנעמים</ManufacturerName><ManufactureCountry>ישראל</ManufactureCountry><ManufacturerItemDescription>קוביות בטעם שוקו 200</ManufacturerItemDescription><SoldByWeight/><Quantity>200.00</Quantity><UnitOfMeasure>גרם     </UnitOfMeasure><QtyInPackage>לא ידוע</QtyInPackage><UnitOfMeasurePrice>0.0395</UnitOfMeasurePrice><AllowDiscount>1</AllowDiscount><ItemStatus>1</ItemStatus><ItemPrice>7.90</ItemPrice></item><item><PriceUpdateDate>2016-03-01 06:43:43</PriceUpdateDate><ItemCode>29424002513</ItemCode><ItemType>1</ItemType><ItemName>קוביות בטעם אגוז 200</ItemName><ManufacturerName>מנעמים</ManufacturerName><ManufactureCountry>ישראל</ManufactureCountry><ManufacturerItemDescription>קוביות בטעם אגוז 200</ManufacturerItemDescription><SoldByWeight/><Quantity>200.00</Quantity><UnitOfMeasure>גרם     </UnitOfMeasure><QtyInPackage>לא ידוע</QtyInPackage><UnitOfMeasurePrice>0.0395</UnitOfMeasurePrice><AllowDiscount>1</AllowDiscount><ItemStatus>1</ItemStatus><ItemPrice>7.90</ItemPrice></item><item><PriceUpdateDate>2016-03-01 06:43:48</PriceUpdateDate><ItemCode>3073780828628</ItemCode><ItemType>1</ItemType><ItemName>בייבי בל - אדום 120</ItemName><ManufacturerName>ביבי בל</ManufacturerName><ManufactureCountry>צרפת</ManufactureCountry><ManufacturerItemDescription>גבינת בייבי בל-אדום 120 ג</ManufacturerItemDescription><SoldByWeight/><Quantity>120.00</Quantity><UnitOfMeasure>גרם     </UnitOfMeasure><QtyInPackage>לא ידוע</QtyInPackage><UnitOfMeasurePrice>0.1783</UnitOfMeasurePrice><AllowDiscount>1</AllowDiscount><ItemStatus>1</ItemStatus><ItemPrice>21.40</ItemPrice></item><item><PriceUpdateDate>2016-03-01 06:43:48</PriceUpdateDate><ItemCode>3161911229199</ItemCode><ItemType>1</ItemType><ItemName>חמאה רכה אלוויר 250</ItemName><ManufacturerName>אלוויר</ManufacturerName><ManufactureCountry>ישראל</ManufactureCountry><ManufacturerItemDescription>חמאה רכה אלוויר250 גר</ManufacturerItemDescription><SoldByWeight/><Quantity>250.00</Quantity><UnitOfMeasure>גרם     </UnitOfMeasure><QtyInPackage>לא ידוע</QtyInPackage><UnitOfMeasurePrice>0.0852</UnitOfMeasurePrice><AllowDiscount>1</AllowDiscount><ItemStatus>1</ItemStatus><ItemPrice>21.30</ItemPrice></item><item><PriceUpdateDate>2016-03-29 07:10:37</PriceUpdateDate><ItemCode>3228022910023</ItemCode><ItemType>1</ItemType><ItemName>חמאה צרפתית פרזידנט</ItemName><ManufacturerName>פרזידנט</ManufacturerName><ManufactureCountry>ישראל</ManufactureCountry><ManufacturerItemDescription>חמאה צרפתית פרזידנט</ManufacturerItemDescription><SoldByWeight/><Quantity>200.00</Quantity><UnitOfMeasure>גרם     </UnitOfMeasure><QtyInPackage>לא ידוע</QtyInPackage><UnitOfMeasurePrice>0.0825</UnitOfMeasurePrice><AllowDiscount>1</AllowDiscount><ItemStatus>1</ItemStatus><ItemPrice>16.50</ItemPrice></item><item><PriceUpdateDate>2015-07-08 07:00:27</PriceUpdateDate><ItemCode>325450033217</ItemCode><ItemType>1</ItemType><ItemName>גבינת ברי מרובע 220</ItemName><ManufacturerName>נטו סחר</ManufacturerName><ManufactureCountry>לא ידוע</ManufactureCountry><ManufacturerItemDescription>גבינת ברי מרובע 220</ManufacturerItemDescription><SoldByWeight/><Quantity>220.00</Quantity><UnitOfMeasure>גרם     </UnitOfMeasure><QtyInPackage>לא ידוע</QtyInPackage><UnitOfMeasurePrice>0.1268</UnitOfMeasurePrice><AllowDiscount>1</AllowDiscount><ItemStatus>1</ItemStatus><ItemPrice>27.90</ItemPrice></item><item><PriceUpdateDate>2016-03-29 07:28:16</PriceUpdateDate><ItemCode>3278310005207</ItemCode><ItemType>1</ItemType><ItemName>חמאה צרפתית אלין 250</ItemName><ManufacturerName>נטו סחר</ManufacturerName><ManufactureCountry>לא ידוע</ManufactureCountry><ManufacturerItemDescription>חמאה צרפתית אלין 250</ManufacturerItemDescription><SoldByWeight/><Quantity>250.00</Quantity><UnitOfMeasure>גרם     </UnitOfMeasure><QtyInPackage>לא ידוע</QtyInPackage><UnitOfMeasurePrice>0.0360</UnitOfMeasurePrice><AllowDiscount>1</AllowDiscount><ItemStatus>1</ItemStatus><ItemPrice>9.00</ItemPrice></item><item><PriceUpdateDate>2015-10-26 12:51:01</PriceUpdateDate><ItemCode>34000196173</ItemCode><ItemType>1</ItemType><ItemName>טבלת קוקיס אנד קרים</ItemName><ManufacturerName>הרשיז</ManufacturerName><ManufactureCountry>ישראל</ManufactureCountry><ManufacturerItemDescription>טבלת קוקיס אנד קרים</ManufacturerItemDescription><SoldByWeight/><Quantity>113.00</Quantity><UnitOfMeasure>גרם     </UnitOfMeasure><QtyInPackage>לא ידוע</QtyInPackage><UnitOfMeasurePrice>0.0876</UnitOfMeasurePrice><AllowDiscount>1</AllowDiscount><ItemStatus>1</ItemStatus><ItemPrice>9.90</ItemPrice></item><item><PriceUpdateDate>2015-10-26 12:51:01</PriceUpdateDate><ItemCode>34000442652</ItemCode><ItemType>1</ItemType><ItemName>טבלת ריזס XL  הרשיז</ItemName><ManufacturerName>הרשיז</ManufacturerName><ManufactureCountry>ישראל</ManufactureCountry><ManufacturerItemDescription>טבלת ריזס XL  הרשיז</ManufacturerItemDescription><SoldByWeight/><Quantity>120.00</Quantity><UnitOfMeasure>גרם     </UnitOfMeasure><QtyInPackage>לא ידוע</QtyInPackage><UnitOfMeasurePrice>0.0825</UnitOfMeasurePrice><AllowDiscount>1</AllowDiscount><ItemStatus>1</ItemStatus><ItemPrice>9.90</ItemPrice></item><item><PriceUpdateDate>2016-03-29 07:10:35</PriceUpdateDate><ItemCode>35000764522</ItemCode><ItemType>1</ItemType><ItemName>משחת שיניים מקס פרש</ItemName><ManufacturerName>קולגייט</ManufacturerName><ManufactureCountry>פולין</ManufactureCountry><ManufacturerItemDescription>משקה אגוזים     גוזים1ל</ManufacturerItemDescription><SoldByWeight/><Quantity>133.00</Quantity><UnitOfMeasure>מ"ל</UnitOfMeasure><QtyInPackage>לא ידוע</QtyInPackage><UnitOfMeasurePrice>0.1835</UnitOfMeasurePrice><AllowDiscount>1</AllowDiscount><ItemStatus>1</ItemStatus><ItemPrice>24.40</ItemPrice></item><item><PriceUpdateDate>2016-03-01 06:43:49</PriceUpdateDate><ItemCode>3574660089547</ItemCode><ItemType>1</ItemType><ItemName>טמפוני ob נורמל 32 י</ItemName><ManufacturerName>או-בה</ManufacturerName><ManufactureCountry>גרמניה</ManufactureCountry><ManufacturerItemDescription>דאודורנט ניוואה ייט 150מ</ManufacturerItemDescription><SoldByWeight/><Quantity>0.00</Quantity><UnitOfMeasure>יח'</UnitOfMeasure><QtyInPackage>לא ידוע</QtyInPackage><UnitOfMeasurePrice>0.0000</UnitOfMeasurePrice><AllowDiscount>1</AllowDiscount><ItemStatus>1</ItemStatus><ItemPrice>36.60</ItemPrice></item><item><PriceUpdateDate>2016-03-29 07:28:16</PriceUpdateDate><ItemCode>3600523154814</ItemCode><ItemType>1</ItemType><ItemName>מב מרכך אלביב טוטאל</ItemName><ManufacturerName>אלביב</ManufacturerName><ManufactureCountry>ישראל</ManufactureCountry><ManufacturerItemDescription>שמפו אלביב וונדי פגום700</ManufacturerItemDescription><SoldByWeight/><Quantity>600.00</Quantity><UnitOfMeasure>מ"ל</UnitOfMeasure><QtyInPackage>לא ידוע</QtyInPackage><UnitOfMeasurePrice>0.0265</UnitOfMeasurePrice><AllowDiscount>1</AllowDiscount><ItemStatus>1</ItemStatus><ItemPrice>15.90</ItemPrice></item><item><PriceUpdateDate>2016-03-01 06:43:54</PriceUpdateDate><ItemCode>3600540308870</ItemCode><ItemType>1</ItemType><ItemName>מב גרנייה קולור נטור</ItemName><ManufacturerName>גרנייה קולור</ManufacturerName><ManufactureCountry>ישראל</ManufactureCountry><ManufacturerItemDescription>מב גרנייה קולור נטור</ManufacturerItemDescription><SoldByWeight/><Quantity>0.00</Quantity><UnitOfMeasure>יח'</UnitOfMeasure><QtyInPackage>לא ידוע</QtyInPackage><UnitOfMeasurePrice>0.0000</UnitOfMeasurePrice><AllowDiscount>1</AllowDiscount><ItemStatus>1</ItemStatus><ItemPrice>21.90</ItemPrice></item><item><PriceUpdateDate>2016-05-08 10:32:13</PriceUpdateDate><ItemCode>3608580730231</ItemCode><ItemType>1</ItemType><ItemName>קונפיטורה בון ממן תו</ItemName><ManufacturerName>אנדרוס צרפת</ManufacturerName><ManufactureCountry>ישראל</ManufactureCountry><ManufacturerItemDescription>קונפיטורה בון ממן תו</ManufacturerItemDescription><SoldByWeight/><Quantity>370.00</Quantity><UnitOfMeasure>גרם     </UnitOfMeasure><QtyInPackage>לא ידוע</QtyInPackage><UnitOfMeasurePrice>0.0457</UnitOfMeasurePrice><AllowDiscount>1</AllowDiscount><ItemStatus>1</ItemStatus><ItemPrice>16.90</ItemPrice></item><item><PriceUpdateDate>2016-02-02 05:50:22</PriceUpdateDate><ItemCode>3800202232738</ItemCode><ItemType>1</ItemType><ItemName>דובדבנים ללא חרצנים</ItemName><ManufacturerName>רוסמן לוגיסטיקה</ManufacturerName><ManufactureCountry>ישראל</ManufactureCountry><ManufacturerItemDescription>דובדבנים ללא חרצנים</ManufacturerItemDescription><SoldByWeight/><Quantity>700.00</Quantity><UnitOfMeasure>גרם     </UnitOfMeasure><QtyInPackage>לא ידוע</QtyInPackage><UnitOfMeasurePrice>0.0204</UnitOfMeasurePrice><AllowDiscount>1</AllowDiscount><ItemStatus>1</ItemStatus><ItemPrice>14.30</ItemPrice></item><item><PriceUpdateDate>2014-12-01 06:29:02</PriceUpdateDate><ItemCode>400013</ItemCode><ItemType>3</ItemType><ItemName>תפוחי אדמה ירושלמי</ItemName><ManufacturerName>B.B.B</ManufacturerName><ManufactureCountry>ישראל</ManufactureCountry><ManufacturerItemDescription>תפוחי אדמה ירושלמי</ManufacturerItemDescription><SoldByWeight/><Quantity>1.00</Quantity><UnitOfMeasure>ק"ג</UnitOfMeasure><QtyInPackage>לא ידוע</QtyInPackage><UnitOfMeasurePrice>14.9000</UnitOfMeasurePrice><AllowDiscount>1</AllowDiscount><ItemStatus>1</ItemStatus><ItemPrice>14.90</ItemPrice></item><item><PriceUpdateDate>2015-11-03 06:59:01</PriceUpdateDate><ItemCode>4000417025005</ItemCode><ItemType>1</ItemType><ItemName>שוקולד ריטר מרציפן 1</ItemName><ManufacturerName>לא ידוע</ManufacturerName><ManufactureCountry>גרמניה</ManufactureCountry><ManufacturerItemDescription>מרכך גליס       זלי 400</ManufacturerItemDescription><SoldByWeight/><Quantity>100.00</Quantity><UnitOfMeasure>גרם     </UnitOfMeasure><QtyInPackage>לא ידוע</QtyInPackage><UnitOfMeasurePrice>0.0990</UnitOfMeasurePrice><AllowDiscount>1</AllowDiscount><ItemStatus>1</ItemStatus><ItemPrice>9.90</ItemPrice></item><item><PriceUpdateDate>2015-11-03 06:59:01</PriceUpdateDate><ItemCode>4000417026002</ItemCode><ItemType>1</ItemType><ItemName>שוקולד ריטר חלב נוגט</ItemName><ManufacturerName>ריטר</ManufacturerName><ManufactureCountry>גרמניה</ManufactureCountry><ManufacturerItemDescription>שוקולד ריטר ספורט נוגט פר</ManufacturerItemDescription><SoldByWeight/><Quantity>100.00</Quantity><UnitOfMeasure>גרם     </UnitOfMeasure><QtyInPackage>לא ידוע</QtyInPackage><UnitOfMeasurePrice>0.0990</UnitOfMeasurePrice><AllowDiscount>1</AllowDiscount><ItemStatus>1</ItemStatus><ItemPrice>9.90</ItemPrice></item><item><PriceUpdateDate>2015-11-03 06:59:01</PriceUpdateDate><ItemCode>4000417298003</ItemCode><ItemType>1</ItemType><ItemName>שוקולד ריטר ספורט קו</ItemName><ManufacturerName>ריטר</ManufacturerName><ManufactureCountry>ישראל</ManufactureCountry><ManufacturerItemDescription>שוקולד ריטר ספורט קו</ManufacturerItemDescription><SoldByWeight/><Quantity>100.00</Quantity><UnitOfMeasure>גרם     </UnitOfMeasure><QtyInPackage>לא ידוע</QtyInPackage><UnitOfMeasurePrice>0.0990</UnitOfMeasurePrice><AllowDiscount>1</AllowDiscount><ItemStatus>1</ItemStatus><ItemPrice>9.90</ItemPrice></item><item><PriceUpdateDate>2016-05-01 12:03:58</PriceUpdateDate><ItemCode>4002448017684</ItemCode><ItemType>1</ItemType><ItemName>מב סיליט באנג ספריי</ItemName><ManufacturerName>סיליט</ManufacturerName><ManufactureCountry>פולין</ManufactureCountry><ManufacturerItemDescription>מב סיליט באנג ספריי</ManufacturerItemDescription><SoldByWeight/><Quantity>750.00</Quantity><UnitOfMeasure>מ"ל</UnitOfMeasure><QtyInPackage>לא ידוע</QtyInPackage><UnitOfMeasurePrice>0.0132</UnitOfMeasurePrice><AllowDiscount>1</AllowDiscount><ItemStatus>1</ItemStatus><ItemPrice>9.90</ItemPrice></item><item><PriceUpdateDate>2016-05-01 12:03:58</PriceUpdateDate><ItemCode>4002448019480</ItemCode><ItemType>1</ItemType><ItemName>מב מסיר שומנים סיליט</ItemName><ManufacturerName>סיליט</ManufacturerName><ManufactureCountry>פולין</ManufactureCountry><ManufacturerItemDescription>מב מסיר שומנים סיליט</ManufacturerItemDescription><SoldByWeight/><Quantity>750.00</Quantity><UnitOfMeasure>מ"ל</UnitOfMeasure><QtyInPackage>לא ידוע</QtyInPackage><UnitOfMeasurePrice>0.0132</UnitOfMeasurePrice><AllowDiscount>1</AllowDiscount><ItemStatus>1</ItemStatus><ItemPrice>9.90</ItemPrice></item><item><PriceUpdateDate>2015-10-06 12:54:17</PriceUpdateDate><ItemCode>4005808850716</ItemCode><ItemType>1</ItemType><ItemName>מב שפתון לבלו דובדבן</ItemName><ManufacturerName>ניוואה</ManufacturerName><ManufactureCountry>גרמניה</ManufactureCountry><ManufacturerItemDescription>לבלו פירות בטעם דובדבן</ManufacturerItemDescription><SoldByWeight/><Quantity>0.00</Quantity><UnitOfMeasure>יח'</UnitOfMeasure><QtyInPackage>לא ידוע</QtyInPackage><UnitOfMeasurePrice>0.0000</UnitOfMeasurePrice><AllowDiscount>1</AllowDiscount><ItemStatus>1</ItemStatus><ItemPrice>11.90</ItemPrice></item><item><PriceUpdateDate>2016-02-24 06:44:30</PriceUpdateDate><ItemCode>4008613002387</ItemCode><ItemType>1</ItemType><ItemName>בובת ארנבון שוקולד צ</ItemName><ManufacturerName>יוגטה</ManufacturerName><ManufactureCountry>ישראל</ManufactureCountry><ManufacturerItemDescription>בובת ארנבון שוקולד צ</ManufacturerItemDescription><SoldByWeight/><Quantity>125.00</Quantity><UnitOfMeasure>גרם     </UnitOfMeasure><QtyInPackage>לא ידוע</QtyInPackage><UnitOfMeasurePrice>0.0800</UnitOfMeasurePrice><AllowDiscount>1</AllowDiscount><ItemStatus>1</ItemStatus><ItemPrice>10.00</ItemPrice></item><item><PriceUpdateDate>2016-05-08 10:32:13</PriceUpdateDate><ItemCode>4011800567613</ItemCode><ItemType>1</ItemType><ItemName>מב חטיף קורני שחור ו</ItemName><ManufacturerName>קורני</ManufacturerName><ManufactureCountry>גרמניה</ManufactureCountry><ManufacturerItemDescription>קיווי נוזל      ם שחור75</ManufacturerItemDescription><SoldByWeight/><Quantity>120.00</Quantity><UnitOfMeasure>גרם     </UnitOfMeasure><QtyInPackage>לא ידוע</QtyInPackage><UnitOfMeasurePrice>0.0992</UnitOfMeasurePrice><AllowDiscount>1</AllowDiscount><ItemStatus>1</ItemStatus><ItemPrice>16.90</ItemPrice></item><item><PriceUpdateDate>2016-05-08 10:32:13</PriceUpdateDate><ItemCode>4011800568610</ItemCode><ItemType>1</ItemType><ItemName>מב חטיף דגנים במילוי</ItemName><ManufacturerName>קורני</ManufacturerName><ManufactureCountry>גרמניה</ManufactureCountry><ManufacturerItemDescription>פלדג' 5 ב1-     יק 250מל</ManufacturerItemDescription><SoldByWeight/><Quantity>120.00</Quantity><UnitOfMeasure>גרם     </UnitOfMeasure><QtyInPackage>לא ידוע</QtyInPackage><UnitOfMeasurePrice>0.0992</UnitOfMeasurePrice><AllowDiscount>1</AllowDiscount><ItemStatus>1</ItemStatus><ItemPrice>16.90</ItemPrice></item><item><PriceUpdateDate>2016-05-08 10:32:13</PriceUpdateDate><ItemCode>4011800628512</ItemCode><ItemType>1</ItemType><ItemName>מב קורני חטיף גרנולה</ItemName><ManufacturerName>קורני</ManufacturerName><ManufactureCountry>גרמניה</ManufactureCountry><ManufacturerItemDescription>פלדג' לרהיטים5ב2501מ</ManufacturerItemDescription><SoldByWeight/><Quantity>150.00</Quantity><UnitOfMeasure>גרם     </UnitOfMeasure><QtyInPackage>לא ידוע</QtyInPackage><UnitOfMeasurePrice>0.0793</UnitOfMeasurePrice><AllowDiscount>0</AllowDiscount><ItemStatus>1</ItemStatus><ItemPrice>16.90</ItemPrice></item><item><PriceUpdateDate>2016-05-08 10:32:13</PriceUpdateDate><ItemCode>4011800629519</ItemCode><ItemType>1</ItemType><ItemName>מב חטיף קורני עם אגו</ItemName><ManufacturerName>קורני</ManufacturerName><ManufactureCountry>ישראל</ManufactureCountry><ManufacturerItemDescription>מב חטיף קורני עם אגו</ManufacturerItemDescription><SoldByWeight/><Quantity>150.00</Quantity><UnitOfMeasure>גרם     </UnitOfMeasure><QtyInPackage>לא ידוע</QtyInPackage><UnitOfMeasurePrice>0.0793</UnitOfMeasurePrice><AllowDiscount>0</AllowDiscount><ItemStatus>1</ItemStatus><ItemPrice>16.90</ItemPrice></item><item><PriceUpdateDate>2016-05-08 10:32:13</PriceUpdateDate><ItemCode>4011800630515</ItemCode><ItemType>1</ItemType><ItemName>מב חטיף קורני עם שוק</ItemName><ManufacturerName>קורני</ManufacturerName><ManufactureCountry>גרמניה</ManufactureCountry><ManufacturerItemDescription>סוללות דורסל     12 יח'</ManufacturerItemDescription><SoldByWeight/><Quantity>150.00</Quantity><UnitOfMeasure>גרם     </UnitOfMeasure><QtyInPackage>לא ידוע</QtyInPackage><UnitOfMeasurePrice>0.0793</UnitOfMeasurePrice><AllowDiscount>0</AllowDiscount><ItemStatus>1</ItemStatus><ItemPrice>16.90</ItemPrice></item><item><PriceUpdateDate>2016-05-08 10:32:13</PriceUpdateDate><ItemCode>4011800632519</ItemCode><ItemType>1</ItemType><ItemName>מב חטיף קורני עם גרנ</ItemName><ManufacturerName>קורני</ManufacturerName><ManufactureCountry>גרמניה</ManufactureCountry><ManufacturerItemDescription>רייד מונע עש    ני</ManufacturerItemDescription><SoldByWeight/><Quantity>150.00</Quantity><UnitOfMeasure>גרם     </UnitOfMeasure><QtyInPackage>לא ידוע</QtyInPackage><UnitOfMeasurePrice>0.0793</UnitOfMeasurePrice><AllowDiscount>0</AllowDiscount><ItemStatus>1</ItemStatus><ItemPrice>16.90</ItemPrice></item><item><PriceUpdateDate>2016-05-01 12:04:04</PriceUpdateDate><ItemCode>4014400400007</ItemCode><ItemType>1</ItemType><ItemName>טופיפי 125 גרם</ItemName><ManufacturerName>טופיפי</ManufacturerName><ManufactureCountry>גרמניה</ManufactureCountry><ManufacturerItemDescription>זוג הרפיק מוצק   גרם</ManufacturerItemDescription><SoldByWeight/><Quantity>125.00</Quantity><UnitOfMeasure>גרם     </UnitOfMeasure><QtyInPackage>לא ידוע</QtyInPackage><UnitOfMeasurePrice>0.1192</UnitOfMeasurePrice><AllowDiscount>0</AllowDiscount><ItemStatus>1</ItemStatus><ItemPrice>14.90</ItemPrice></item><item><PriceUpdateDate>2016-05-01 12:04:05</PriceUpdateDate><ItemCode>4014400901191</ItemCode><ItemType>1</ItemType><ItemName>בונבונירה מרסי אוריג</ItemName><ManufacturerName>מרסי</ManufacturerName><ManufactureCountry>גרמניה</ManufactureCountry><ManufacturerItemDescription>טמפוני קוטקס    מיני</ManufacturerItemDescription><SoldByWeight/><Quantity>250.00</Quantity><UnitOfMeasure>גרם     </UnitOfMeasure><QtyInPackage>לא ידוע</QtyInPackage><UnitOfMeasurePrice>0.1196</UnitOfMeasurePrice><AllowDiscount>1</AllowDiscount><ItemStatus>1</ItemStatus><ItemPrice>29.90</ItemPrice></item><item><PriceUpdateDate>2016-02-15 08:41:16</PriceUpdateDate><ItemCode>4015400057369</ItemCode><ItemType>1</ItemType><ItemName>אולוויז עבה לילה 12</ItemName><ManufacturerName>פרוקטר אנד גמבל</ManufacturerName><ManufactureCountry>גרמניה</ManufactureCountry><ManufacturerItemDescription>חטיפי פיטנס 6 יחק.תפוז6י</ManufacturerItemDescription><SoldByWeight/><Quantity>12.00</Quantity><UnitOfMeasure>בודד</UnitOfMeasure><QtyInPackage>לא ידוע</QtyInPackage><UnitOfMeasurePrice>1.6583</UnitOfMeasurePrice><AllowDiscount>1</AllowDiscount><ItemStatus>1</ItemStatus><ItemPrice>19.90</ItemPrice></item><item><PriceUpdateDate>2016-02-15 08:41:16</PriceUpdateDate><ItemCode>4015400428688</ItemCode><ItemType>1</ItemType><ItemName>תחבושות אולוויז עבה</ItemName><ManufacturerName>פרוקטר אנד גמבל</ManufacturerName><ManufactureCountry>ישראל</ManufactureCountry><ManufacturerItemDescription>תחבושות אולוויז עבה</ManufacturerItemDescription><SoldByWeight/><Quantity>16.00</Quantity><UnitOfMeasure>בודד</UnitOfMeasure><QtyInPackage>לא ידוע</QtyInPackage><UnitOfMeasurePrice>1.2437</UnitOfMeasurePrice><AllowDiscount>1</AllowDiscount><ItemStatus>1</ItemStatus><ItemPrice>19.90</ItemPrice></item><item><PriceUpdateDate>2016-05-01 12:04:06</PriceUpdateDate><ItemCode>4015400556916</ItemCode><ItemType>1</ItemType><ItemName>מב מגן תחתון אולוויז</ItemName><ManufacturerName>אולוויז</ManufacturerName><ManufactureCountry>גרמניה</ManufactureCountry><ManufacturerItemDescription>פריסקיז פאוץ'    85גר</ManufacturerItemDescription><SoldByWeight/><Quantity>80.00</Quantity><UnitOfMeasure>בודד</UnitOfMeasure><QtyInPackage>לא ידוע</QtyInPackage><UnitOfMeasurePrice>0.2487</UnitOfMeasurePrice><AllowDiscount>1</AllowDiscount><ItemStatus>1</ItemStatus><ItemPrice>19.90</ItemPrice></item><item><PriceUpdateDate>2014-12-01 06:28:13</PriceUpdateDate><ItemCode>4015400561361</ItemCode><ItemType>1</ItemType><ItemName>מגן תחתון אולוויז חו</ItemName><ManufacturerName>אולוויז</ManufacturerName><ManufactureCountry>ישראל</ManufactureCountry><ManufacturerItemDescription>מגן תחתון אולוויז חו</ManufacturerItemDescription><SoldByWeight/><Quantity>36.00</Quantity><UnitOfMeasure>בודד</UnitOfMeasure><QtyInPackage>לא ידוע</QtyInPackage><UnitOfMeasurePrice>0.5361</UnitOfMeasurePrice><AllowDiscount>1</AllowDiscount><ItemStatus>1</ItemStatus><ItemPrice>19.30</ItemPrice></item><item><PriceUpdateDate>2016-05-01 12:04:06</PriceUpdateDate><ItemCode>4015400564034</ItemCode><ItemType>1</ItemType><ItemName>מב מגן תחתון אולוויז</ItemName><ManufacturerName>אולוויז</ManufacturerName><ManufactureCountry>ישראל</ManufactureCountry><ManufacturerItemDescription>מב מגן תחתון אולוויז</ManufacturerItemDescription><SoldByWeight/><Quantity>58.00</Quantity><UnitOfMeasure>בודד</UnitOfMeasure><QtyInPackage>לא ידוע</QtyInPackage><UnitOfMeasurePrice>0.3431</UnitOfMeasurePrice><AllowDiscount>1</AllowDiscount><ItemStatus>1</ItemStatus><ItemPrice>19.90</ItemPrice></item><item><PriceUpdateDate>2016-02-02 05:55:41</PriceUpdateDate><ItemCode>4015400699811</ItemCode><ItemType>1</ItemType><ItemName>תחבושות אולוויז דואו</ItemName><ManufacturerName>פרוקטר&amp;גמבל</ManufacturerName><ManufactureCountry>גרמניה</ManufactureCountry><ManufacturerItemDescription>אולוויז דואו נורמל 28 +יח</ManufacturerItemDescription><SoldByWeight/><Quantity>28.00</Quantity><UnitOfMeasure>בודד</UnitOfMeasure><QtyInPackage>לא ידוע</QtyInPackage><UnitOfMeasurePrice>0.7821</UnitOfMeasurePrice><AllowDiscount>1</AllowDiscount><ItemStatus>1</ItemStatus><ItemPrice>21.90</ItemPrice></item><item><PriceUpdateDate>2016-02-02 05:55:41</PriceUpdateDate><ItemCode>4015400700111</ItemCode><ItemType>1</ItemType><ItemName>תחבושות אולוויז דואו</ItemName><ManufacturerName>פרוקטר&amp;גמבל</ManufacturerName><ManufactureCountry>גרמניה</ManufactureCountry><ManufacturerItemDescription>אולוויז דואו לונג 24 +יח</ManufacturerItemDescription><SoldByWeight/><Quantity>24.00</Quantity><UnitOfMeasure>בודד</UnitOfMeasure><QtyInPackage>לא ידוע</QtyInPackage><UnitOfMeasurePrice>0.9125</UnitOfMeasurePrice><AllowDiscount>1</AllowDiscount><ItemStatus>1</ItemStatus><ItemPrice>21.90</ItemPrice></item><item><PriceUpdateDate>2016-02-02 05:55:41</PriceUpdateDate><ItemCode>4015400700272</ItemCode><ItemType>1</ItemType><ItemName>תחבושות אולוויז דואו</ItemName><ManufacturerName>פרוקטר&amp;גמבל</ManufacturerName><ManufactureCountry>גרמניה</ManufactureCountry><ManufacturerItemDescription>אולוויז דואו לילה 20 יח</ManufacturerItemDescription><SoldByWeight/><Quantity>20.00</Quantity><UnitOfMeasure>בודד</UnitOfMeasure><QtyInPackage>לא ידוע</QtyInPackage><UnitOfMeasurePrice>1.0950</UnitOfMeasurePrice><AllowDiscount>1</AllowDiscount><ItemStatus>1</ItemStatus><ItemPrice>21.90</ItemPrice></item><item><PriceUpdateDate>2016-01-04 21:30:07</PriceUpdateDate><ItemCode>4015400749646</ItemCode><ItemType>1</ItemType><ItemName>פמפרס מכנסונים שלב 4</ItemName><ManufacturerName>פרוקטר אנד גמבל</ManufacturerName><ManufactureCountry>ישראל</ManufactureCountry><ManufacturerItemDescription>תחתוני גמילה פול אפס לילה</ManufacturerItemDescription><SoldByWeight/><Quantity>40.00</Quantity><UnitOfMeasure>יח'</UnitOfMeasure><QtyInPackage>לא ידוע</QtyInPackage><UnitOfMeasurePrice>1.4975</UnitOfMeasurePrice><AllowDiscount>1</AllowDiscount><ItemStatus>1</ItemStatus><ItemPrice>59.90</ItemPrice></item><item><PriceUpdateDate>2016-03-16 14:01:00</PriceUpdateDate><ItemCode>4015400824701</ItemCode><ItemType>1</ItemType><ItemName>טמפוני טמפקס פלאש סו</ItemName><ManufacturerName>פרוקטר אנד גמבל</ManufacturerName><ManufactureCountry>הונגריה</ManufactureCountry><ManufacturerItemDescription>טמפקס פלאש      ר 30 יח'</ManufacturerItemDescription><SoldByWeight/><Quantity>30.00</Quantity><UnitOfMeasure>בודד</UnitOfMeasure><QtyInPackage>לא ידוע</QtyInPackage><UnitOfMeasurePrice>1.1300</UnitOfMeasurePrice><AllowDiscount>1</AllowDiscount><ItemStatus>1</ItemStatus><ItemPrice>33.90</ItemPrice></item><item><PriceUpdateDate>2016-03-16 14:01:00</PriceUpdateDate><ItemCode>4015400824725</ItemCode><ItemType>1</ItemType><ItemName>טמפוני טמפקס פלאש סו</ItemName><ManufacturerName>פרוקטר אנד גמבל</ManufacturerName><ManufactureCountry>הונגריה</ManufactureCountry><ManufacturerItemDescription>טמפקס פלאש סופר 30 יח'</ManufacturerItemDescription><SoldByWeight/><Quantity>0.00</Quantity><UnitOfMeasure>יח'</UnitOfMeasure><QtyInPackage>לא ידוע</QtyInPackage><UnitOfMeasurePrice>0.0000</UnitOfMeasurePrice><AllowDiscount>1</AllowDiscount><ItemStatus>1</ItemStatus><ItemPrice>33.90</ItemPrice></item><item><PriceUpdateDate>2015-06-30 08:29:57</PriceUpdateDate><ItemCode>4015600515614</ItemCode><ItemType>1</ItemType><ItemName>נוזל כלים פיירי לימו</ItemName><ManufacturerName>פיירי</ManufacturerName><ManufactureCountry>צכיה</ManufactureCountry><ManufacturerItemDescription>נוזל כלים פיירי לימו</ManufacturerItemDescription><SoldByWeight/><Quantity>720.00</Quantity><UnitOfMeasure>מ"ל</UnitOfMeasure><QtyInPackage>לא ידוע</QtyInPackage><UnitOfMeasurePrice>0.0138</UnitOfMeasurePrice><AllowDiscount>1</AllowDiscount><ItemStatus>1</ItemStatus><ItemPrice>9.90</ItemPrice></item><item><PriceUpdateDate>2016-05-01 10:22:21</PriceUpdateDate><ItemCode>4015600762742</ItemCode><ItemType>1</ItemType><ItemName>שמפו הד שולדרס קלאסי</ItemName><ManufacturerName>H$S</ManufacturerName><ManufactureCountry>ישראל</ManufactureCountry><ManufacturerItemDescription>שמפו הד שולדרס קלאסי</ManufacturerItemDescription><SoldByWeight/><Quantity>500.00</Quantity><UnitOfMeasure>מ"ל</UnitOfMeasure><QtyInPackage>לא ידוע</QtyInPackage><UnitOfMeasurePrice>0.0478</UnitOfMeasurePrice><AllowDiscount>1</AllowDiscount><ItemStatus>1</ItemStatus><ItemPrice>23.90</ItemPrice></item><item><PriceUpdateDate>2016-05-01 10:22:22</PriceUpdateDate><ItemCode>4015600768911</ItemCode><ItemType>1</ItemType><ItemName>שמפו הד שולדרס עשיר</ItemName><ManufacturerName>הד&amp;שולדרס</ManufacturerName><ManufactureCountry>ישראל</ManufactureCountry><ManufacturerItemDescription>שמפו הד שולדרס עשיר</ManufacturerItemDescription><SoldByWeight/><Quantity>500.00</Quantity><UnitOfMeasure>מ"ל</UnitOfMeasure><QtyInPackage>לא ידוע</QtyInPackage><UnitOfMeasurePrice>0.0478</UnitOfMeasurePrice><AllowDiscount>1</AllowDiscount><ItemStatus>1</ItemStatus><ItemPrice>23.90</ItemPrice></item><item><PriceUpdateDate>2016-05-01 12:04:08</PriceUpdateDate><ItemCode>4015600815356</ItemCode><ItemType>1</ItemType><ItemName>מרכך פנטן למגע רך כמ</ItemName><ManufacturerName>פנטן</ManufacturerName><ManufactureCountry>רומניה</ManufactureCountry><ManufacturerItemDescription>פנטן מרכך למגע רך כמשי 60</ManufacturerItemDescription><SoldByWeight/><Quantity>600.00</Quantity><UnitOfMeasure>מ"ל</UnitOfMeasure><QtyInPackage>לא ידוע</QtyInPackage><UnitOfMeasurePrice>0.0365</UnitOfMeasurePrice><AllowDiscount>1</AllowDiscount><ItemStatus>1</ItemStatus><ItemPrice>21.90</ItemPrice></item><item><PriceUpdateDate>2016-05-01 12:04:08</PriceUpdateDate><ItemCode>4015600815479</ItemCode><ItemType>1</ItemType><ItemName>מרכך פנטן לשיקום שיע</ItemName><ManufacturerName>פנטן</ManufacturerName><ManufactureCountry>ישראל</ManufactureCountry><ManufacturerItemDescription>מרכך פנטן לשיקום שיע</ManufacturerItemDescription><SoldByWeight/><Quantity>600.00</Quantity><UnitOfMeasure>מ"ל</UnitOfMeasure><QtyInPackage>לא ידוע</QtyInPackage><UnitOfMeasurePrice>0.0365</UnitOfMeasurePrice><AllowDiscount>1</AllowDiscount><ItemStatus>1</ItemStatus><ItemPrice>21.90</ItemPrice></item><item><PriceUpdateDate>2016-05-01 12:04:08</PriceUpdateDate><ItemCode>4015600815516</ItemCode><ItemType>1</ItemType><ItemName>שמפו פנטן נוסחה קלאס</ItemName><ManufacturerName>פנטן</ManufacturerName><ManufactureCountry>רומניה</ManufactureCountry><ManufacturerItemDescription>פנטן שמפו נוסחה קלאסית 60</ManufacturerItemDescription><SoldByWeight/><Quantity>600.00</Quantity><UnitOfMeasure>מ"ל</UnitOfMeasure><QtyInPackage>לא ידוע</QtyInPackage><UnitOfMeasurePrice>0.0365</UnitOfMeasurePrice><AllowDiscount>1</AllowDiscount><ItemStatus>1</ItemStatus><ItemPrice>21.90</ItemPrice></item><item><PriceUpdateDate>2016-05-01 12:04:08</PriceUpdateDate><ItemCode>4015600815714</ItemCode><ItemType>1</ItemType><ItemName>שמפו פנטן לתלתלים מו</ItemName><ManufacturerName>פנטן</ManufacturerName><ManufactureCountry>ישראל</ManufactureCountry><ManufacturerItemDescription>שמפו פנטן לתלתלים מו</ManufacturerItemDescription><SoldByWeight/><Quantity>600.00</Quantity><UnitOfMeasure>מ"ל</UnitOfMeasure><QtyInPackage>לא ידוע</QtyInPackage><UnitOfMeasurePrice>0.0365</UnitOfMeasurePrice><AllowDiscount>1</AllowDiscount><ItemStatus>1</ItemStatus><ItemPrice>21.90</ItemPrice></item><item><PriceUpdateDate>2015-11-02 17:19:35</PriceUpdateDate><ItemCode>4017100356513</ItemCode><ItemType>1</ItemType><ItemName>עוגיות היט מיני שחור</ItemName><ManufacturerName>היט מיניס</ManufacturerName><ManufactureCountry>לא ידוע</ManufactureCountry><ManufacturerItemDescription>עוגיות היט מיני שחור</ManufacturerItemDescription><SoldByWeight/><Quantity>130.00</Quantity><UnitOfMeasure>גרם     </UnitOfMeasure><QtyInPackage>לא ידוע</QtyInPackage><UnitOfMeasurePrice>0.0592</UnitOfMeasurePrice><AllowDiscount>1</AllowDiscount><ItemStatus>1</ItemStatus><ItemPrice>7.70</ItemPrice></item><item><PriceUpdateDate>2015-12-13 13:39:09</PriceUpdateDate><ItemCode>4052197000017</ItemCode><ItemType>1</ItemType><ItemName>בירה בנדיקטינר חיטה</ItemName><ManufacturerName>לא ממותג</ManufacturerName><ManufactureCountry>גרמניה</ManufactureCountry><ManufacturerItemDescription>בירה בנדיקטר 500 מל</ManufacturerItemDescription><SoldByWeight/><Quantity>500.00</Quantity><UnitOfMeasure>מ"ל</UnitOfMeasure><QtyInPackage>לא ידוע</QtyInPackage><UnitOfMeasurePrice>0.0238</UnitOfMeasurePrice><AllowDiscount>1</AllowDiscount><ItemStatus>1</ItemStatus><ItemPrice>11.90</ItemPrice></item><item><PriceUpdateDate>2015-12-03 06:57:48</PriceUpdateDate><ItemCode>4084500088917</ItemCode><ItemType>1</ItemType><ItemName>נוזל כלים פיירי לימו</ItemName><ManufacturerName>פיירי</ManufacturerName><ManufactureCountry>אנגליה</ManufactureCountry><ManufacturerItemDescription>פיירי נוזל כלים לימון 650</ManufacturerItemDescription><SoldByWeight/><Quantity>650.00</Quantity><UnitOfMeasure>מ"ל</UnitOfMeasure><QtyInPackage>לא ידוע</QtyInPackage><UnitOfMeasurePrice>0.0183</UnitOfMeasurePrice><AllowDiscount>1</AllowDiscount><ItemStatus>1</ItemStatus><ItemPrice>11.90</ItemPrice></item><item><PriceUpdateDate>2016-03-01 06:43:58</PriceUpdateDate><ItemCode>4084500149526</ItemCode><ItemType>1</ItemType><ItemName>נוזל כביסה טייד ג'ל</ItemName><ManufacturerName>טייד</ManufacturerName><ManufactureCountry>ישראל</ManufactureCountry><ManufacturerItemDescription>נוזל כביסה טייד ג'ל</ManufacturerItemDescription><SoldByWeight/><Quantity>2480.00</Quantity><UnitOfMeasure>מ"ל</UnitOfMeasure><QtyInPackage>לא ידוע</QtyInPackage><UnitOfMeasurePrice>0.0121</UnitOfMeasurePrice><AllowDiscount>1</AllowDiscount><ItemStatus>1</ItemStatus><ItemPrice>29.90</ItemPrice></item><item><PriceUpdateDate>2015-12-03 06:56:33</PriceUpdateDate><ItemCode>4084500853553</ItemCode><ItemType>1</ItemType><ItemName>נוזל כלים פיירי אורי</ItemName><ManufacturerName>פיירי</ManufacturerName><ManufactureCountry>אנגליה</ManufactureCountry><ManufacturerItemDescription>פיירי נוזל כלים לימון 650</ManufacturerItemDescription><SoldByWeight/><Quantity>650.00</Quantity><UnitOfMeasure>מ"ל</UnitOfMeasure><QtyInPackage>לא ידוע</QtyInPackage><UnitOfMeasurePrice>0.0183</UnitOfMeasurePrice><AllowDiscount>1</AllowDiscount><ItemStatus>1</ItemStatus><ItemPrice>11.90</ItemPrice></item><item><PriceUpdateDate>2014-12-01 06:28:46</PriceUpdateDate><ItemCode>417684</ItemCode><ItemType>3</ItemType><ItemName>גב עוף טרי</ItemName><ManufacturerName>לא ממותג</ManufacturerName><ManufactureCountry>ישראל</ManufactureCountry><ManufacturerItemDescription>גב עוף טרי</ManufacturerItemDescription><SoldByWeight/><Quantity>1.00</Quantity><UnitOfMeasure>ק"ג</UnitOfMeasure><QtyInPackage>לא ידוע</QtyInPackage><UnitOfMeasurePrice>4.1000</UnitOfMeasurePrice><AllowDiscount>1</AllowDiscount><ItemStatus>1</ItemStatus><ItemPrice>4.10</ItemPrice></item><item><PriceUpdateDate>2014-12-01 06:28:46</PriceUpdateDate><ItemCode>425429</ItemCode><ItemType>3</ItemType><ItemName>גרונות עוף טרי</ItemName><ManufacturerName>תנובה בשר</ManufacturerName><ManufactureCountry>ישראל</ManufactureCountry><ManufacturerItemDescription>גרונות עוף טרי</ManufacturerItemDescription><SoldByWeight/><Quantity>1.00</Quantity><UnitOfMeasure>ק"ג</UnitOfMeasure><QtyInPackage>לא ידוע</QtyInPackage><UnitOfMeasurePrice>6.1000</UnitOfMeasurePrice><AllowDiscount>1</AllowDiscount><ItemStatus>1</ItemStatus><ItemPrice>6.10</ItemPrice></item><item><PriceUpdateDate>2016-01-04 21:32:04</PriceUpdateDate><ItemCode>426259</ItemCode><ItemType>3</ItemType><ItemName>פילה סלמון תנובה</ItemName><ManufacturerName>דגי תנובה</ManufacturerName><ManufactureCountry>ישראל</ManufactureCountry><ManufacturerItemDescription>פילה סלמון בואקום</ManufacturerItemDescription><SoldByWeight/><Quantity>1.00</Quantity><UnitOfMeasure>ק"ג</UnitOfMeasure><QtyInPackage>לא ידוע</QtyInPackage><UnitOfMeasurePrice>69.9000</UnitOfMeasurePrice><AllowDiscount>1</AllowDiscount><ItemStatus>1</ItemStatus><ItemPrice>69.90</ItemPrice></item><item><PriceUpdateDate>2016-03-16 14:00:57</PriceUpdateDate><ItemCode>438122</ItemCode><ItemType>3</ItemType><ItemName>פילה סלמון  סטרלינג</ItemName><ManufacturerName>דלידג</ManufacturerName><ManufactureCountry>ישראל</ManufactureCountry><ManufacturerItemDescription>פילה סלמון סטרלינג לקג</ManufacturerItemDescription><SoldByWeight/><Quantity>1.00</Quantity><UnitOfMeasure>ק"ג</UnitOfMeasure><QtyInPackage>לא ידוע</QtyInPackage><UnitOfMeasurePrice>59.9000</UnitOfMeasurePrice><AllowDiscount>1</AllowDiscount><ItemStatus>1</ItemStatus><ItemPrice>59.90</ItemPrice></item><item><PriceUpdateDate>2016-01-15 07:10:21</PriceUpdateDate><ItemCode>438139</ItemCode><ItemType>3</ItemType><ItemName>רגל עגל פרוס במשקל ק</ItemName><ManufacturerName>לא ידוע</ManufacturerName><ManufactureCountry>ישראל</ManufactureCountry><ManufacturerItemDescription>רגל עגל פרוס במשקל ק</ManufacturerItemDescription><SoldByWeight/><Quantity>1.00</Quantity><UnitOfMeasure>ק"ג</UnitOfMeasure><QtyInPackage>לא ידוע</QtyInPackage><UnitOfMeasurePrice>39.9000</UnitOfMeasurePrice><AllowDiscount>1</AllowDiscount><ItemStatus>1</ItemStatus><ItemPrice>39.90</ItemPrice></item><item><PriceUpdateDate>2014-12-01 06:28:46</PriceUpdateDate><ItemCode>449203</ItemCode><ItemType>3</ItemType><ItemName>עוף טחון טרי במשקל</ItemName><ManufacturerName>לא ממותג</ManufacturerName><ManufactureCountry>ישראל</ManufactureCountry><ManufacturerItemDescription>עוף טחון טרי במשקל</ManufacturerItemDescription><SoldByWeight/><Quantity>1.00</Quantity><UnitOfMeasure>ק"ג</UnitOfMeasure><QtyInPackage>לא ידוע</QtyInPackage><UnitOfMeasurePrice>32.9000</UnitOfMeasurePrice><AllowDiscount>1</AllowDiscount><ItemStatus>1</ItemStatus><ItemPrice>32.90</ItemPrice></item><item><PriceUpdateDate>2016-05-02 08:00:06</PriceUpdateDate><ItemCode>46024817</ItemCode><ItemType>1</ItemType><ItemName>ס.נקסט אף אף בודד</ItemName><ManufacturerName>נקסט-סיגריות</ManufacturerName><ManufactureCountry>ארצות הברית</ManufactureCountry><ManufacturerItemDescription>סיגריות נקסט  FF בודד</ManufacturerItemDescription><SoldByWeight/><Quantity>0.00</Quantity><UnitOfMeasure>יח'</UnitOfMeasure><QtyInPackage>לא ידוע</QtyInPackage><UnitOfMeasurePrice>0.0000</UnitOfMeasurePrice><AllowDiscount>1</AllowDiscount><ItemStatus>1</ItemStatus><ItemPrice>29.00</ItemPrice></item><item><PriceUpdateDate>2016-05-02 08:00:06</PriceUpdateDate><ItemCode>46024824</ItemCode><ItemType>1</ItemType><ItemName>ס.נקסט בודד</ItemName><ManufacturerName>נקסט-סיגריות</ManufacturerName><ManufactureCountry>ארצות הברית</ManufactureCountry><ManufacturerItemDescription>סיגריות נקסט בודד</ManufacturerItemDescription><SoldByWeight/><Quantity>0.00</Quantity><UnitOfMeasure>יח'</UnitOfMeasure><QtyInPackage>לא ידוע</QtyInPackage><UnitOfMeasurePrice>0.0000</UnitOfMeasurePrice><AllowDiscount>1</AllowDiscount><ItemStatus>1</ItemStatus><ItemPrice>29.00</ItemPrice></item><item><PriceUpdateDate>2015-03-19 07:08:34</PriceUpdateDate><ItemCode>4710964170799</ItemCode><ItemType>1</ItemType><ItemName>שומשום שחור קלוי 91</ItemName><ManufacturerName>לא ממותג</ManufacturerName><ManufactureCountry>ישראל</ManufactureCountry><ManufacturerItemDescription>שומשום שחור קלוי 91</ManufacturerItemDescription><SoldByWeight/><Quantity>91.00</Quantity><UnitOfMeasure>גרם     </UnitOfMeasure><QtyInPackage>לא ידוע</QtyInPackage><UnitOfMeasurePrice>0.2187</UnitOfMeasurePrice><AllowDiscount>1</AllowDiscount><ItemStatus>1</ItemStatus><ItemPrice>19.90</ItemPrice></item><item><PriceUpdateDate>2015-12-01 07:19:04</PriceUpdateDate><ItemCode>4860019001414</ItemCode><ItemType>1</ItemType><ItemName>מב בורגומי 750 מ''</ItemName><ManufacturerName>לא ממותג</ManufacturerName><ManufactureCountry>ישראל</ManufactureCountry><ManufacturerItemDescription>בורגומי מים מינרלים 750 מ</ManufacturerItemDescription><SoldByWeight/><Quantity>750.00</Quantity><UnitOfMeasure>מ"ל</UnitOfMeasure><QtyInPackage>לא ידוע</QtyInPackage><UnitOfMeasurePrice>0.0105</UnitOfMeasurePrice><AllowDiscount>1</AllowDiscount><ItemStatus>1</ItemStatus><ItemPrice>7.90</ItemPrice></item><item><PriceUpdateDate>2015-11-15 20:34:53</PriceUpdateDate><ItemCode>4891228430092</ItemCode><ItemType>1</ItemType><ItemName>סכיני גילוח שיק אקסט</ItemName><ManufacturerName>שיק</ManufacturerName><ManufactureCountry>סין</ManufactureCountry><ManufacturerItemDescription>טוסטעיםחיטה מלאהה 100גרם</ManufacturerItemDescription><SoldByWeight/><Quantity>4.00</Quantity><UnitOfMeasure>בודד</UnitOfMeasure><QtyInPackage>לא ידוע</QtyInPackage><UnitOfMeasurePrice>6.3500</UnitOfMeasurePrice><AllowDiscount>1</AllowDiscount><ItemStatus>1</ItemStatus><ItemPrice>25.40</ItemPrice></item><item><PriceUpdateDate>2016-03-01 07:12:44</PriceUpdateDate><ItemCode>4961</ItemCode><ItemType>3</ItemType><ItemName>פלפל צהוב</ItemName><ManufacturerName>B.B.B</ManufacturerName><ManufactureCountry>ישראל</ManufactureCountry><ManufacturerItemDescription>פלפל צהוב</ManufacturerItemDescription><SoldByWeight/><Quantity>1.00</Quantity><UnitOfMeasure>ק"ג</UnitOfMeasure><QtyInPackage>לא ידוע</QtyInPackage><UnitOfMeasurePrice>11.9000</UnitOfMeasurePrice><AllowDiscount>1</AllowDiscount><ItemStatus>1</ItemStatus><ItemPrice>11.90</ItemPrice></item><item><PriceUpdateDate>2016-03-29 07:28:20</PriceUpdateDate><ItemCode>5000146401568</ItemCode><ItemType>1</ItemType><ItemName>דפים לכביסה ווליט שו</ItemName><ManufacturerName>ווליט</ManufacturerName><ManufactureCountry>איטליה</ManufactureCountry><ManufacturerItemDescription>דפים לכביסה ווליט שו</ManufacturerItemDescription><SoldByWeight/><Quantity>10.00</Quantity><UnitOfMeasure>בודד</UnitOfMeasure><QtyInPackage>לא ידוע</QtyInPackage><UnitOfMeasurePrice>1.9900</UnitOfMeasurePrice><AllowDiscount>1</AllowDiscount><ItemStatus>1</ItemStatus><ItemPrice>19.90</ItemPrice></item><item><PriceUpdateDate>2016-05-01 10:22:32</PriceUpdateDate><ItemCode>5000204637786</ItemCode><ItemType>1</ItemType><ItemName>מב טואלט דאק פאוור ד</ItemName><ManufacturerName>טואלט דאק</ManufacturerName><ManufactureCountry>ישראל</ManufactureCountry><ManufacturerItemDescription>דאק פאוור לבנדר דוחה כתמי</ManufacturerItemDescription><SoldByWeight/><Quantity>750.00</Quantity><UnitOfMeasure>מ"ל</UnitOfMeasure><QtyInPackage>לא ידוע</QtyInPackage><UnitOfMeasurePrice>0.0119</UnitOfMeasurePrice><AllowDiscount>1</AllowDiscount><ItemStatus>1</ItemStatus><ItemPrice>8.90</ItemPrice></item><item><PriceUpdateDate>2016-05-01 12:04:15</PriceUpdateDate><ItemCode>5000204690026</ItemCode><ItemType>1</ItemType><ItemName>פלדג' לניקוי רהיטים</ItemName><ManufacturerName>פלדג'</ManufacturerName><ManufactureCountry>ישראל</ManufactureCountry><ManufacturerItemDescription>פלדג' 5 ב1-     יק 250מל</ManufacturerItemDescription><SoldByWeight/><Quantity>250.00</Quantity><UnitOfMeasure>מ"ל</UnitOfMeasure><QtyInPackage>לא ידוע</QtyInPackage><UnitOfMeasurePrice>0.0752</UnitOfMeasurePrice><AllowDiscount>1</AllowDiscount><ItemStatus>1</ItemStatus><ItemPrice>18.80</ItemPrice></item><item><PriceUpdateDate>2016-05-01 10:22:33</PriceUpdateDate><ItemCode>5010182997918</ItemCode><ItemType>1</ItemType><ItemName>מב טואלט דאק ג'ל אסל</ItemName><ManufacturerName>טואלט דאק</ManufacturerName><ManufactureCountry>איטליה</ManufactureCountry><ManufacturerItemDescription>מיונז הלמנס      424 גרם</ManufacturerItemDescription><SoldByWeight/><Quantity>55.00</Quantity><UnitOfMeasure>מ"ל</UnitOfMeasure><QtyInPackage>לא ידוע</QtyInPackage><UnitOfMeasurePrice>0.1618</UnitOfMeasurePrice><AllowDiscount>1</AllowDiscount><ItemStatus>1</ItemStatus><ItemPrice>8.90</ItemPrice></item><item><PriceUpdateDate>2016-03-29 07:31:10</PriceUpdateDate><ItemCode>5014271000411</ItemCode><ItemType>1</ItemType><ItemName>מעדן סן דלפור ערמוני</ItemName><ManufacturerName>סאן דלפור</ManufacturerName><ManufactureCountry>ישראל</ManufactureCountry><ManufacturerItemDescription>מעדן סן דלפור ערמוני</ManufacturerItemDescription><SoldByWeight/><Quantity>284.00</Quantity><UnitOfMeasure>גרם     </UnitOfMeasure><QtyInPackage>לא ידוע</QtyInPackage><UnitOfMeasurePrice>0.0701</UnitOfMeasurePrice><AllowDiscount>1</AllowDiscount><ItemStatus>1</ItemStatus><ItemPrice>19.90</ItemPrice></item><item><PriceUpdateDate>2016-03-29 07:31:10</PriceUpdateDate><ItemCode>5014271300429</ItemCode><ItemType>1</ItemType><ItemName>ריבת מעדן משמש ללא ס</ItemName><ManufacturerName>סאן דלפור</ManufacturerName><ManufactureCountry>ישראל</ManufactureCountry><ManufacturerItemDescription>ריבת מעדן משמש ללא ס</ManufacturerItemDescription><SoldByWeight/><Quantity>284.00</Quantity><UnitOfMeasure>גרם     </UnitOfMeasure><QtyInPackage>לא ידוע</QtyInPackage><UnitOfMeasurePrice>0.0701</UnitOfMeasurePrice><AllowDiscount>1</AllowDiscount><ItemStatus>1</ItemStatus><ItemPrice>19.90</ItemPrice></item><item><PriceUpdateDate>2016-03-29 07:31:10</PriceUpdateDate><ItemCode>5014271310428</ItemCode><ItemType>1</ItemType><ItemName>ריבת מעדן דובדבן שחו</ItemName><ManufacturerName>סאן דלפור</ManufacturerName><ManufactureCountry>ישראל</ManufactureCountry><ManufacturerItemDescription>מעדן דובדבנים שחורים 284</ManufacturerItemDescription><SoldByWeight/><Quantity>284.00</Quantity><UnitOfMeasure>גרם     </UnitOfMeasure><QtyInPackage>לא ידוע</QtyInPackage><UnitOfMeasurePrice>0.0701</UnitOfMeasurePrice><AllowDiscount>1</AllowDiscount><ItemStatus>1</ItemStatus><ItemPrice>19.90</ItemPrice></item><item><PriceUpdateDate>2016-03-29 07:31:10</PriceUpdateDate><ItemCode>5014271390420</ItemCode><ItemType>1</ItemType><ItemName>ריבת מעדן פטל ללא סו</ItemName><ManufacturerName>סאן דלפור</ManufacturerName><ManufactureCountry>ישראל</ManufactureCountry><ManufacturerItemDescription>מעדן פטל 284 גר</ManufacturerItemDescription><SoldByWeight/><Quantity>284.00</Quantity><UnitOfMeasure>גרם     </UnitOfMeasure><QtyInPackage>לא ידוע</QtyInPackage><UnitOfMeasurePrice>0.0701</UnitOfMeasurePrice><AllowDiscount>1</AllowDiscount><ItemStatus>1</ItemStatus><ItemPrice>19.90</ItemPrice></item><item><PriceUpdateDate>2016-03-29 07:31:10</PriceUpdateDate><ItemCode>5014271400426</ItemCode><ItemType>1</ItemType><ItemName>ריבת מעדן תות שדה לל</ItemName><ManufacturerName>סאן דלפור</ManufacturerName><ManufactureCountry>ישראל</ManufactureCountry><ManufacturerItemDescription>מעדן תות שדה 284 גר</ManufacturerItemDescription><SoldByWeight/><Quantity>284.00</Quantity><UnitOfMeasure>גרם     </UnitOfMeasure><QtyInPackage>לא ידוע</QtyInPackage><UnitOfMeasurePrice>0.0701</UnitOfMeasurePrice><AllowDiscount>1</AllowDiscount><ItemStatus>1</ItemStatus><ItemPrice>19.90</ItemPrice></item><item><PriceUpdateDate>2016-03-29 07:31:10</PriceUpdateDate><ItemCode>5014271560427</ItemCode><ItemType>1</ItemType><ItemName>ריבת מעדן תפוז+ג'ינג</ItemName><ManufacturerName>סאן דלפור</ManufacturerName><ManufactureCountry>ישראל</ManufactureCountry><ManufacturerItemDescription>ריבת מעדן תפוז+ג'ינג</ManufacturerItemDescription><SoldByWeight/><Quantity>284.00</Quantity><UnitOfMeasure>גרם     </UnitOfMeasure><QtyInPackage>לא ידוע</QtyInPackage><UnitOfMeasurePrice>0.0701</UnitOfMeasurePrice><AllowDiscount>1</AllowDiscount><ItemStatus>1</ItemStatus><ItemPrice>19.90</ItemPrice></item><item><PriceUpdateDate>2016-03-16 14:00:27</PriceUpdateDate><ItemCode>5099864006704</ItemCode><ItemType>1</ItemType><ItemName>אבקת סימילאק אדוונס</ItemName><ManufacturerName>סימילאק</ManufacturerName><ManufactureCountry>אירלנד</ManufactureCountry><ManufacturerItemDescription>קפה טורקי בצלופן 100 גרם</ManufacturerItemDescription><SoldByWeight/><Quantity>900.00</Quantity><UnitOfMeasure>גרם     </UnitOfMeasure><QtyInPackage>לא ידוע</QtyInPackage><UnitOfMeasurePrice>0.0888</UnitOfMeasurePrice><AllowDiscount>1</AllowDiscount><ItemStatus>1</ItemStatus><ItemPrice>79.90</ItemPrice></item><item><PriceUpdateDate>2016-03-16 14:00:27</PriceUpdateDate><ItemCode>5099864006711</ItemCode><ItemType>1</ItemType><ItemName>אבקת סימילאק אדוונס</ItemName><ManufacturerName>סימילאק</ManufacturerName><ManufactureCountry>אירלנד</ManufactureCountry><ManufacturerItemDescription>מגן תחתון קוטקס ילק לייט</ManufacturerItemDescription><SoldByWeight/><Quantity>900.00</Quantity><UnitOfMeasure>גרם     </UnitOfMeasure><QtyInPackage>לא ידוע</QtyInPackage><UnitOfMeasurePrice>0.0888</UnitOfMeasurePrice><AllowDiscount>1</AllowDiscount><ItemStatus>1</ItemStatus><ItemPrice>79.90</ItemPrice></item><item><PriceUpdateDate>2016-03-16 14:00:27</PriceUpdateDate><ItemCode>5099864006728</ItemCode><ItemType>1</ItemType><ItemName>אבקת סימילאק אדוונס</ItemName><ManufacturerName>סימילאק</ManufacturerName><ManufactureCountry>אירלנד</ManufactureCountry><ManufacturerItemDescription>מגן תחתון קוטקס קס סילקL</ManufacturerItemDescription><SoldByWeight/><Quantity>900.00</Quantity><UnitOfMeasure>גרם     </UnitOfMeasure><QtyInPackage>לא ידוע</QtyInPackage><UnitOfMeasurePrice>0.0888</UnitOfMeasurePrice><AllowDiscount>1</AllowDiscount><ItemStatus>1</ItemStatus><ItemPrice>79.90</ItemPrice></item><item><PriceUpdateDate>2016-02-15 08:41:17</PriceUpdateDate><ItemCode>5200351290210</ItemCode><ItemType>1</ItemType><ItemName>גליליות קקאו אגוזים</ItemName><ManufacturerName>לא ממותג</ManufacturerName><ManufactureCountry>ישראל</ManufactureCountry><ManufacturerItemDescription>גליליות וופל    ז/קקא150</ManufacturerItemDescription><SoldByWeight/><Quantity>150.00</Quantity><UnitOfMeasure>גרם     </UnitOfMeasure><QtyInPackage>לא ידוע</QtyInPackage><UnitOfMeasurePrice>0.0460</UnitOfMeasurePrice><AllowDiscount>1</AllowDiscount><ItemStatus>1</ItemStatus><ItemPrice>6.90</ItemPrice></item><item><PriceUpdateDate>2016-02-15 08:41:18</PriceUpdateDate><ItemCode>5410076933129</ItemCode><ItemType>1</ItemType><ItemName>אבקת כביסה אריאל שוש</ItemName><ManufacturerName>אריאל</ManufacturerName><ManufactureCountry>ישראל</ManufactureCountry><ManufacturerItemDescription>אבקת כביסה אריאל שוש</ManufacturerItemDescription><SoldByWeight/><Quantity>3000.00</Quantity><UnitOfMeasure>גרם     </UnitOfMeasure><QtyInPackage>לא ידוע</QtyInPackage><UnitOfMeasurePrice>0.0133</UnitOfMeasurePrice><AllowDiscount>1</AllowDiscount><ItemStatus>1</ItemStatus><ItemPrice>39.90</ItemPrice></item><item><PriceUpdateDate>2015-11-02 17:19:39</PriceUpdateDate><ItemCode>5410126006339</ItemCode><ItemType>1</ItemType><ItemName>ביסקויט לוטוס קרמל 1</ItemName><ManufacturerName>לוטוס</ManufacturerName><ManufactureCountry>ישראל</ManufactureCountry><ManufacturerItemDescription>ביסקויט לוטוס קרמל 1</ManufacturerItemDescription><SoldByWeight/><Quantity>124.00</Quantity><UnitOfMeasure>גרם     </UnitOfMeasure><QtyInPackage>לא ידוע</QtyInPackage><UnitOfMeasurePrice>0.0540</UnitOfMeasurePrice><AllowDiscount>1</AllowDiscount><ItemStatus>1</ItemStatus><ItemPrice>6.70</ItemPrice></item><item><PriceUpdateDate>2016-03-29 07:28:22</PriceUpdateDate><ItemCode>5420066330098</ItemCode><ItemType>1</ItemType><ItemName>מב בונ' ביאנקה טראפל</ItemName><ManufacturerName>ביאנקה</ManufacturerName><ManufactureCountry>בלגיה</ManufactureCountry><ManufacturerItemDescription>ביאנקה טרופל קקאו 175 גרם</ManufacturerItemDescription><SoldByWeight/><Quantity>175.00</Quantity><UnitOfMeasure>גרם     </UnitOfMeasure><QtyInPackage>לא ידוע</QtyInPackage><UnitOfMeasurePrice>0.0566</UnitOfMeasurePrice><AllowDiscount>1</AllowDiscount><ItemStatus>1</ItemStatus><ItemPrice>9.90</ItemPrice></item><item><PriceUpdateDate>2016-03-29 07:28:22</PriceUpdateDate><ItemCode>5420066330166</ItemCode><ItemType>1</ItemType><ItemName>מב בונ' ביאנקה טראפל</ItemName><ManufacturerName>ביאנקה</ManufacturerName><ManufactureCountry>בלגיה</ManufactureCountry><ManufacturerItemDescription>ביאנקה טרופל קקאו 175 גרם</ManufacturerItemDescription><SoldByWeight/><Quantity>175.00</Quantity><UnitOfMeasure>גרם     </UnitOfMeasure><QtyInPackage>לא ידוע</QtyInPackage><UnitOfMeasurePrice>0.0566</UnitOfMeasurePrice><AllowDiscount>1</AllowDiscount><ItemStatus>1</ItemStatus><ItemPrice>9.90</ItemPrice></item><item><PriceUpdateDate>2016-03-29 07:28:22</PriceUpdateDate><ItemCode>5420066330203</ItemCode><ItemType>1</ItemType><ItemName>מב בונ' ביאנקה טראפל</ItemName><ManufacturerName>ביאנקה</ManufacturerName><ManufactureCountry>בלגיה</ManufactureCountry><ManufacturerItemDescription>ביאנקה טרופל קקאו 175 גרם</ManufacturerItemDescription><SoldByWeight/><Quantity>175.00</Quantity><UnitOfMeasure>גרם     </UnitOfMeasure><QtyInPackage>לא ידוע</QtyInPackage><UnitOfMeasurePrice>0.0566</UnitOfMeasurePrice><AllowDiscount>1</AllowDiscount><ItemStatus>1</ItemStatus><ItemPrice>9.90</ItemPrice></item><item><PriceUpdateDate>2016-03-29 07:28:22</PriceUpdateDate><ItemCode>5420066330210</ItemCode><ItemType>1</ItemType><ItemName>מב בונ' ביאנקה טראפל</ItemName><ManufacturerName>ביאנקה</ManufacturerName><ManufactureCountry>בלגיה</ManufactureCountry><ManufacturerItemDescription>ביאנקה טרופל קקאו 175 גרם</ManufacturerItemDescription><SoldByWeight/><Quantity>175.00</Quantity><UnitOfMeasure>גרם     </UnitOfMeasure><QtyInPackage>לא ידוע</QtyInPackage><UnitOfMeasurePrice>0.0566</UnitOfMeasurePrice><AllowDiscount>1</AllowDiscount><ItemStatus>1</ItemStatus><ItemPrice>9.90</ItemPrice></item><item><PriceUpdateDate>2016-03-29 07:28:22</PriceUpdateDate><ItemCode>5420066330234</ItemCode><ItemType>1</ItemType><ItemName>מב בונ' ביאנקה טראפל</ItemName><ManufacturerName>ביאנקה</ManufacturerName><ManufactureCountry>בלגיה</ManufactureCountry><ManufacturerItemDescription>ביאנקה טרופל קקאו 175 גרם</ManufacturerItemDescription><SoldByWeight/><Quantity>175.00</Quantity><UnitOfMeasure>גרם     </UnitOfMeasure><QtyInPackage>לא ידוע</QtyInPackage><UnitOfMeasurePrice>0.0566</UnitOfMeasurePrice><AllowDiscount>1</AllowDiscount><ItemStatus>1</ItemStatus><ItemPrice>9.90</ItemPrice></item><item><PriceUpdateDate>2016-05-01 10:22:48</PriceUpdateDate><ItemCode>5701932026964</ItemCode><ItemType>1</ItemType><ItemName>פופקורן הוט פופ מלח</ItemName><ManufacturerName>ליימן חטיבת המותגים</ManufacturerName><ManufactureCountry>ארצות הברית</ManufactureCountry><ManufacturerItemDescription>וילדה מטלית</ManufacturerItemDescription><SoldByWeight/><Quantity>600.00</Quantity><UnitOfMeasure>גרם     </UnitOfMeasure><QtyInPackage>לא ידוע</QtyInPackage><UnitOfMeasurePrice>0.0248</UnitOfMeasurePrice><AllowDiscount>1</AllowDiscount><ItemStatus>1</ItemStatus><ItemPrice>14.90</ItemPrice></item><item><PriceUpdateDate>2016-05-01 10:22:48</PriceUpdateDate><ItemCode>5701932026995</ItemCode><ItemType>1</ItemType><ItemName>פופקורן הוט פופ לייט</ItemName><ManufacturerName>ליימן חטיבת המותגים</ManufacturerName><ManufactureCountry>ארצות הברית</ManufactureCountry><ManufacturerItemDescription>אג'קס ניקוי כללילימון 2ל</ManufacturerItemDescription><SoldByWeight/><Quantity>510.00</Quantity><UnitOfMeasure>גרם     </UnitOfMeasure><QtyInPackage>לא ידוע</QtyInPackage><UnitOfMeasurePrice>0.0292</UnitOfMeasurePrice><AllowDiscount>1</AllowDiscount><ItemStatus>1</ItemStatus><ItemPrice>14.90</ItemPrice></item><item><PriceUpdateDate>2016-03-01 06:44:02</PriceUpdateDate><ItemCode>5740900401556</ItemCode><ItemType>1</ItemType><ItemName>ממרח חמאה לייט עם שמ</ItemName><ManufacturerName>לורפק</ManufacturerName><ManufactureCountry>ישראל</ManufactureCountry><ManufacturerItemDescription>ממרח לוראפק לייטר 250גרם</ManufacturerItemDescription><SoldByWeight/><Quantity>250.00</Quantity><UnitOfMeasure>גרם     </UnitOfMeasure><QtyInPackage>לא ידוע</QtyInPackage><UnitOfMeasurePrice>0.0796</UnitOfMeasurePrice><AllowDiscount>1</AllowDiscount><ItemStatus>1</ItemStatus><ItemPrice>19.90</ItemPrice></item><item><PriceUpdateDate>2015-07-12 11:57:30</PriceUpdateDate><ItemCode>59039549</ItemCode><ItemType>1</ItemType><ItemName>ס.ווג פריזון מנטול ב</ItemName><ManufacturerName>ווג</ManufacturerName><ManufactureCountry>פולין</ManufactureCountry><ManufacturerItemDescription>סיגריות ווג פריזון מנטול</ManufacturerItemDescription><SoldByWeight/><Quantity>0.00</Quantity><UnitOfMeasure>יח'</UnitOfMeasure><QtyInPackage>לא ידוע</QtyInPackage><UnitOfMeasurePrice>0.0000</UnitOfMeasurePrice><AllowDiscount>1</AllowDiscount><ItemStatus>1</ItemStatus><ItemPrice>35.00</ItemPrice></item><item><PriceUpdateDate>2016-03-01 07:13:09</PriceUpdateDate><ItemCode>5904941751302</ItemCode><ItemType>1</ItemType><ItemName>משקה אנרגיה בלו 250</ItemName><ManufacturerName>בלו</ManufacturerName><ManufactureCountry>פולין</ManufactureCountry><ManufacturerItemDescription>סבון פלמוליב 4יחים100*4ג</ManufacturerItemDescription><SoldByWeight/><Quantity>250.00</Quantity><UnitOfMeasure>מ"ל</UnitOfMeasure><QtyInPackage>לא ידוע</QtyInPackage><UnitOfMeasurePrice>0.0156</UnitOfMeasurePrice><AllowDiscount>0</AllowDiscount><ItemStatus>1</ItemStatus><ItemPrice>3.90</ItemPrice></item><item><PriceUpdateDate>2016-05-01 12:04:28</PriceUpdateDate><ItemCode>5906485301012</ItemCode><ItemType>1</ItemType><ItemName>משקה אנרגיה אקסל 250</ItemName><ManufacturerName>XL</ManufacturerName><ManufactureCountry>ישראל</ManufactureCountry><ManufacturerItemDescription>משקה אנרגיה XL מל</ManufacturerItemDescription><SoldByWeight/><Quantity>250.00</Quantity><UnitOfMeasure>מ"ל</UnitOfMeasure><QtyInPackage>לא ידוע</QtyInPackage><UnitOfMeasurePrice>0.0120</UnitOfMeasurePrice><AllowDiscount>1</AllowDiscount><ItemStatus>1</ItemStatus><ItemPrice>3.00</ItemPrice></item><item><PriceUpdateDate>2016-03-29 07:10:43</PriceUpdateDate><ItemCode>6001067025122</ItemCode><ItemType>1</ItemType><ItemName>משחת שיניים קולגייט</ItemName><ManufacturerName>קולגייט</ManufacturerName><ManufactureCountry>פולין</ManufactureCountry><ManufacturerItemDescription>משחת שיניים     וויט100מ</ManufacturerItemDescription><SoldByWeight/><Quantity>100.00</Quantity><UnitOfMeasure>מ"ל</UnitOfMeasure><QtyInPackage>לא ידוע</QtyInPackage><UnitOfMeasurePrice>0.2440</UnitOfMeasurePrice><AllowDiscount>1</AllowDiscount><ItemStatus>1</ItemStatus><ItemPrice>24.40</ItemPrice></item><item><PriceUpdateDate>2015-03-19 07:08:34</PriceUpdateDate><ItemCode>6923052620290</ItemCode><ItemType>1</ItemType><ItemName>אטריות גזר 454 גרם</ItemName><ManufacturerName>לא ממותג</ManufacturerName><ManufactureCountry>ישראל</ManufactureCountry><ManufacturerItemDescription>אטריות גזר 454 גרם</ManufacturerItemDescription><SoldByWeight/><Quantity>454.00</Quantity><UnitOfMeasure>גרם     </UnitOfMeasure><QtyInPackage>לא ידוע</QtyInPackage><UnitOfMeasurePrice>0.0240</UnitOfMeasurePrice><AllowDiscount>1</AllowDiscount><ItemStatus>1</ItemStatus><ItemPrice>10.90</ItemPrice></item><item><PriceUpdateDate>2014-12-01 06:28:07</PriceUpdateDate><ItemCode>6928740700544</ItemCode><ItemType>1</ItemType><ItemName>תפוחונים - חטיף תפוח</ItemName><ManufacturerName>אפל ציפס</ManufacturerName><ManufactureCountry>ישראל</ManufactureCountry><ManufacturerItemDescription>תפוחונים תפוחי עץ 22 גר</ManufacturerItemDescription><SoldByWeight/><Quantity>22.00</Quantity><UnitOfMeasure>גרם     </UnitOfMeasure><QtyInPackage>לא ידוע</QtyInPackage><UnitOfMeasurePrice>0.2091</UnitOfMeasurePrice><AllowDiscount>1</AllowDiscount><ItemStatus>1</ItemStatus><ItemPrice>4.60</ItemPrice></item><item><PriceUpdateDate>2016-02-17 06:56:27</PriceUpdateDate><ItemCode>724353783822</ItemCode><ItemType>1</ItemType><ItemName>תמר מג'הול 1 ק"ג</ItemName><ManufacturerName>.N.Y.C</ManufacturerName><ManufactureCountry>ישראל</ManufactureCountry><ManufacturerItemDescription>תמר מג'הול 1 ק"ג</ManufacturerItemDescription><SoldByWeight/><Quantity>1000.00</Quantity><UnitOfMeasure>גרם     </UnitOfMeasure><QtyInPackage>לא ידוע</QtyInPackage><UnitOfMeasurePrice>0.0299</UnitOfMeasurePrice><AllowDiscount>1</AllowDiscount><ItemStatus>1</ItemStatus><ItemPrice>29.90</ItemPrice></item><item><PriceUpdateDate>2014-12-01 06:29:02</PriceUpdateDate><ItemCode>7290000000529</ItemCode><ItemType>1</ItemType><ItemName>רביעיית שום</ItemName><ManufacturerName>B.B.B</ManufacturerName><ManufactureCountry>ישראל</ManufactureCountry><ManufacturerItemDescription>רביעיית שום</ManufacturerItemDescription><SoldByWeight/><Quantity>1.00</Quantity><UnitOfMeasure>יח'</UnitOfMeasure><QtyInPackage>לא ידוע</QtyInPackage><UnitOfMeasurePrice>7.9000</UnitOfMeasurePrice><AllowDiscount>1</AllowDiscount><ItemStatus>1</ItemStatus><ItemPrice>7.90</ItemPrice></item><item><PriceUpdateDate>2016-03-29 07:10:16</PriceUpdateDate><ItemCode>7290000000642</ItemCode><ItemType>1</ItemType><ItemName>תות שדה</ItemName><ManufacturerName>B.B.B</ManufacturerName><ManufactureCountry>ישראל</ManufactureCountry><ManufacturerItemDescription>תות שדה</ManufacturerItemDescription><SoldByWeight/><Quantity>1.00</Quantity><UnitOfMeasure>יח'</UnitOfMeasure><QtyInPackage>לא ידוע</QtyInPackage><UnitOfMeasurePrice>11.9000</UnitOfMeasurePrice><AllowDiscount>1</AllowDiscount><ItemStatus>1</ItemStatus><ItemPrice>11.90</ItemPrice></item><item><PriceUpdateDate>2016-05-02 08:00:05</PriceUpdateDate><ItemCode>7290000001144</ItemCode><ItemType>1</ItemType><ItemName>דובדובן מתוק</ItemName><ManufacturerName>לא ממותג</ManufacturerName><ManufactureCountry>ישראל</ManufactureCountry><ManufacturerItemDescription>דובדובן מתוק</ManufacturerItemDescription><SoldByWeight/><Quantity>1.00</Quantity><UnitOfMeasure>יח'</UnitOfMeasure><QtyInPackage>לא ידוע</QtyInPackage><UnitOfMeasurePrice>16.9000</UnitOfMeasurePrice><AllowDiscount>1</AllowDiscount><ItemStatus>1</ItemStatus><ItemPrice>16.90</ItemPrice></item><item><PriceUpdateDate>2014-12-01 06:29:02</PriceUpdateDate><ItemCode>7290000001960</ItemCode><ItemType>1</ItemType><ItemName>בצל ירוק</ItemName><ManufacturerName>B.B.B</ManufacturerName><ManufactureCountry>ישראל</ManufactureCountry><ManufacturerItemDescription>בצל ירוק</ManufacturerItemDescription><SoldByWeight/><Quantity>1.00</Quantity><UnitOfMeasure>יח'</UnitOfMeasure><QtyInPackage>לא ידוע</QtyInPackage><UnitOfMeasurePrice>5.0000</UnitOfMeasurePrice><AllowDiscount>1</AllowDiscount><ItemStatus>1</ItemStatus><ItemPrice>5.00</ItemPrice></item><item><PriceUpdateDate>2015-11-13 10:56:27</PriceUpdateDate><ItemCode>7290000001977</ItemCode><ItemType>1</ItemType><ItemName>חסה ערבית יח'</ItemName><ManufacturerName>B.B.B</ManufacturerName><ManufactureCountry>ישראל</ManufactureCountry><ManufacturerItemDescription>חסה ערבית יח'</ManufacturerItemDescription><SoldByWeight/><Quantity>1.00</Quantity><UnitOfMeasure>יח'</UnitOfMeasure><QtyInPackage>לא ידוע</QtyInPackage><UnitOfMeasurePrice>5.9000</UnitOfMeasurePrice><AllowDiscount>1</AllowDiscount><ItemStatus>1</ItemStatus><ItemPrice>5.90</ItemPrice></item><item><PriceUpdateDate>2014-12-01 06:29:02</PriceUpdateDate><ItemCode>7290000001984</ItemCode><ItemType>1</ItemType><ItemName>חסה עגולה יחידות</ItemName><ManufacturerName>B.B.B</ManufacturerName><ManufactureCountry>ישראל</ManufactureCountry><ManufacturerItemDescription>חסה עגולה יחידות</ManufacturerItemDescription><SoldByWeight/><Quantity>1.00</Quantity><UnitOfMeasure>יח'</UnitOfMeasure><QtyInPackage>לא ידוע</QtyInPackage><UnitOfMeasurePrice>5.9000</UnitOfMeasurePrice><AllowDiscount>1</AllowDiscount><ItemStatus>1</ItemStatus><ItemPrice>5.90</ItemPrice></item><item><PriceUpdateDate>2016-02-18 07:06:15</PriceUpdateDate><ItemCode>7290000008143</ItemCode><ItemType>1</ItemType><ItemName>סלק וואקום</ItemName><ManufacturerName>B.B.B</ManufacturerName><ManufactureCountry>ישראל</ManufactureCountry><ManufacturerItemDescription>סלק וואקום</ManufacturerItemDescription><SoldByWeight/><Quantity>1.00</Quantity><UnitOfMeasure>יח'</UnitOfMeasure><QtyInPackage>לא ידוע</QtyInPackage><UnitOfMeasurePrice>8.9000</UnitOfMeasurePrice><AllowDiscount>1</AllowDiscount><ItemStatus>1</ItemStatus><ItemPrice>8.90</ItemPrice></item><item><PriceUpdateDate>2016-05-01 12:00:11</PriceUpdateDate><ItemCode>7290000010054</ItemCode><ItemType>1</ItemType><ItemName>לחמניה רגילה 75 גרם</ItemName><ManufacturerName>לא ידוע</ManufacturerName><ManufactureCountry>ישראל</ManufactureCountry><ManufacturerItemDescription>לחמניה רגילה 75 גרם</ManufacturerItemDescription><SoldByWeight/><Quantity>14.00</Quantity><UnitOfMeasure>גרם     </UnitOfMeasure><QtyInPackage>לא ידוע</QtyInPackage><UnitOfMeasurePrice>0.1786</UnitOfMeasurePrice><AllowDiscount>1</AllowDiscount><ItemStatus>1</ItemStatus><ItemPrice>2.50</ItemPrice></item><item><PriceUpdateDate>2015-11-02 17:19:41</PriceUpdateDate><ItemCode>7290000023809</ItemCode><ItemType>1</ItemType><ItemName>יין קלאסיק קברנה סוב</ItemName><ManufacturerName>ברקן קלאסיק</ManufacturerName><ManufactureCountry>ישראל</ManufactureCountry><ManufacturerItemDescription>יין קלאסיק קברנה סוביניון</ManufacturerItemDescription><SoldByWeight/><Quantity>750.00</Quantity><UnitOfMeasure>מ"ל</UnitOfMeasure><QtyInPackage>לא ידוע</QtyInPackage><UnitOfMeasurePrice>0.0483</UnitOfMeasurePrice><AllowDiscount>1</AllowDiscount><ItemStatus>1</ItemStatus><ItemPrice>36.20</ItemPrice></item><item><PriceUpdateDate>2015-11-02 17:19:42</PriceUpdateDate><ItemCode>7290000023977</ItemCode><ItemType>1</ItemType><ItemName>יין קלאסיק מרלו 750</ItemName><ManufacturerName>ברקן קלאסיק</ManufacturerName><ManufactureCountry>ישראל</ManufactureCountry><ManufacturerItemDescription>יין קלאסיק מרלו 750 מל</ManufacturerItemDescription><SoldByWeight/><Quantity>750.00</Quantity><UnitOfMeasure>מ"ל</UnitOfMeasure><QtyInPackage>לא ידוע</QtyInPackage><UnitOfMeasurePrice>0.0492</UnitOfMeasurePrice><AllowDiscount>1</AllowDiscount><ItemStatus>1</ItemStatus><ItemPrice>36.90</ItemPrice></item><item><PriceUpdateDate>2016-05-01 12:04:35</PriceUpdateDate><ItemCode>7290000024523</ItemCode><ItemType>1</ItemType><ItemName>מיץ ענבים טבעי תירוש</ItemName><ManufacturerName>לא ממותג</ManufacturerName><ManufactureCountry>לא ידוע</ManufactureCountry><ManufacturerItemDescription>מיץ ענבים טבעי תירוש</ManufacturerItemDescription><SoldByWeight/><Quantity>1000.00</Quantity><UnitOfMeasure>מ"ל</UnitOfMeasure><QtyInPackage>לא ידוע</QtyInPackage><UnitOfMeasurePrice>0.0149</UnitOfMeasurePrice><AllowDiscount>1</AllowDiscount><ItemStatus>1</ItemStatus><ItemPrice>14.90</ItemPrice></item><item><PriceUpdateDate>2016-02-15 07:37:44</PriceUpdateDate><ItemCode>7290000040042</ItemCode><ItemType>1</ItemType><ItemName>יופלה תות 3% 150 גרם</ItemName><ManufacturerName>יופלה</ManufacturerName><ManufactureCountry>ישראל</ManufactureCountry><ManufacturerItemDescription>יופלה תות 150 3% מל</ManufacturerItemDescription><SoldByWeight/><Quantity>150.00</Quantity><UnitOfMeasure>גרם     </UnitOfMeasure><QtyInPackage>לא ידוע</QtyInPackage><UnitOfMeasurePrice>0.0353</UnitOfMeasurePrice><AllowDiscount>1</AllowDiscount><ItemStatus>1</ItemStatus><ItemPrice>5.30</ItemPrice></item><item><PriceUpdateDate>2016-02-15 07:37:44</PriceUpdateDate><ItemCode>7290000040066</ItemCode><ItemType>1</ItemType><ItemName>יופלה דובדבן 3% 150</ItemName><ManufacturerName>יופלה</ManufacturerName><ManufactureCountry>ישראל</ManufactureCountry><ManufacturerItemDescription>יופלה דובדבן 150 3% מל</ManufacturerItemDescription><SoldByWeight/><Quantity>150.00</Quantity><UnitOfMeasure>גרם     </UnitOfMeasure><QtyInPackage>לא ידוע</QtyInPackage><UnitOfMeasurePrice>0.0353</UnitOfMeasurePrice><AllowDiscount>1</AllowDiscount><ItemStatus>1</ItemStatus><ItemPrice>5.30</ItemPrice></item><item><PriceUpdateDate>2016-02-15 07:37:44</PriceUpdateDate><ItemCode>7290000040080</ItemCode><ItemType>1</ItemType><ItemName>יופלה אפרסק 3% 150 ג</ItemName><ManufacturerName>יופלה</ManufacturerName><ManufactureCountry>ישראל</ManufactureCountry><ManufacturerItemDescription>יופלה אפרסק 150 3% מל</ManufacturerItemDescription><SoldByWeight/><Quantity>150.00</Quantity><UnitOfMeasure>גרם     </UnitOfMeasure><QtyInPackage>לא ידוע</QtyInPackage><UnitOfMeasurePrice>0.0353</UnitOfMeasurePrice><AllowDiscount>1</AllowDiscount><ItemStatus>1</ItemStatus><ItemPrice>5.30</ItemPrice></item><item><PriceUpdateDate>2015-11-13 10:56:46</PriceUpdateDate><ItemCode>7290000040462</ItemCode><ItemType>1</ItemType><ItemName>גבינה טוסטי אדם ישרא</ItemName><ManufacturerName>טוסטי</ManufacturerName><ManufactureCountry>ישראל</ManufactureCountry><ManufacturerItemDescription>גבינה מותכת טוסטי-אדם22%פ</ManufacturerItemDescription><SoldByWeight/><Quantity>200.00</Quantity><UnitOfMeasure>גרם     </UnitOfMeasure><QtyInPackage>לא ידוע</QtyInPackage><UnitOfMeasurePrice>0.0945</UnitOfMeasurePrice><AllowDiscount>1</AllowDiscount><ItemStatus>1</ItemStatus><ItemPrice>18.90</ItemPrice></item><item><PriceUpdateDate>2016-02-17 06:20:59</PriceUpdateDate><ItemCode>7290000040974</ItemCode><ItemType>1</ItemType><ItemName>חלב טרי דל לקטוז 2%</ItemName><ManufacturerName>חלב תנובה</ManufacturerName><ManufactureCountry>ישראל</ManufactureCountry><ManufacturerItemDescription>חלב דל לקטוז 1 ל</ManufacturerItemDescription><SoldByWeight/><Quantity>1000.00</Quantity><UnitOfMeasure>מ"ל</UnitOfMeasure><QtyInPackage>לא ידוע</QtyInPackage><UnitOfMeasurePrice>0.0074</UnitOfMeasurePrice><AllowDiscount>1</AllowDiscount><ItemStatus>1</ItemStatus><ItemPrice>7.40</ItemPrice></item><item><PriceUpdateDate>2015-10-13 11:27:33</PriceUpdateDate><ItemCode>7290000041858</ItemCode><ItemType>1</ItemType><ItemName>שמנת מועשרת 15% יטבת</ItemName><ManufacturerName>יטבתה</ManufacturerName><ManufactureCountry>ישראל</ManufactureCountry><ManufacturerItemDescription>שמנת יטבתה 200 מעושרת  פי</ManufacturerItemDescription><SoldByWeight/><Quantity>200.00</Quantity><UnitOfMeasure>מ"ל</UnitOfMeasure><QtyInPackage>לא ידוע</QtyInPackage><UnitOfMeasurePrice>0.0135</UnitOfMeasurePrice><AllowDiscount>1</AllowDiscount><ItemStatus>1</ItemStatus><ItemPrice>2.70</ItemPrice></item><item><PriceUpdateDate>2015-10-22 08:37:08</PriceUpdateDate><ItemCode>7290000041865</ItemCode><ItemType>1</ItemType><ItemName>לבן מועשר 4.5% יטבתה</ItemName><ManufacturerName>יטבתה</ManufacturerName><ManufactureCountry>ישראל</ManufactureCountry><ManufacturerItemDescription>לבן 4.5% יוטבתה 200 גרם</ManufacturerItemDescription><SoldByWeight/><Quantity>200.00</Quantity><UnitOfMeasure>מ"ל</UnitOfMeasure><QtyInPackage>לא ידוע</QtyInPackage><UnitOfMeasurePrice>0.0110</UnitOfMeasurePrice><AllowDiscount>1</AllowDiscount><ItemStatus>1</ItemStatus><ItemPrice>2.20</ItemPrice></item><item><PriceUpdateDate>2015-10-22 08:37:08</PriceUpdateDate><ItemCode>7290000041872</ItemCode><ItemType>1</ItemType><ItemName>לבן מועשר 3% יטבתה 2</ItemName><ManufacturerName>יטבתה</ManufacturerName><ManufactureCountry>ישראל</ManufactureCountry><ManufacturerItemDescription>לבן יוטבתה רווית200 3%מל</ManufacturerItemDescription><SoldByWeight/><Quantity>200.00</Quantity><UnitOfMeasure>מ"ל</UnitOfMeasure><QtyInPackage>לא ידוע</QtyInPackage><UnitOfMeasurePrice>0.0115</UnitOfMeasurePrice><AllowDiscount>1</AllowDiscount><ItemStatus>1</ItemStatus><ItemPrice>2.30</ItemPrice></item><item><PriceUpdateDate>2016-02-11 11:10:54</PriceUpdateDate><ItemCode>7290000042008</ItemCode><ItemType>1</ItemType><ItemName>חלב 3% בשקית 1 ליטר</ItemName><ManufacturerName>חלב תנובה</ManufacturerName><ManufactureCountry>ישראל</ManufactureCountry><ManufacturerItemDescription>חלב1 3% ל.שקית פיקוח</ManufacturerItemDescription><SoldByWeight/><Quantity>1000.00</Quantity><UnitOfMeasure>מ"ל</UnitOfMeasure><QtyInPackage>לא ידוע</QtyInPackage><UnitOfMeasurePrice>0.0050</UnitOfMeasurePrice><AllowDiscount>1</AllowDiscount><ItemStatus>1</ItemStatus><ItemPrice>5.00</ItemPrice></item><item><PriceUpdateDate>2016-02-14 06:39:51</PriceUpdateDate><ItemCode>7290000042022</ItemCode><ItemType>1</ItemType><ItemName>חלב על הבוקר 1% מועש</ItemName><ManufacturerName>חלב תנובה</ManufacturerName><ManufactureCountry>ישראל</ManufactureCountry><ManufacturerItemDescription>חלב 1% על הבוקר קרטון+פקק</ManufacturerItemDescription><SoldByWeight/><Quantity>1000.00</Quantity><UnitOfMeasure>מ"ל</UnitOfMeasure><QtyInPackage>לא ידוע</QtyInPackage><UnitOfMeasurePrice>0.0089</UnitOfMeasurePrice><AllowDiscount>1</AllowDiscount><ItemStatus>1</ItemStatus><ItemPrice>8.90</ItemPrice></item><item><PriceUpdateDate>2016-04-24 08:06:10</PriceUpdateDate><ItemCode>7290000042176</ItemCode><ItemType>1</ItemType><ItemName>חלב כד 1% שומן 2 ליט</ItemName><ManufacturerName>חלב תנובה</ManufacturerName><ManufactureCountry>ישראל</ManufactureCountry><ManufacturerItemDescription>חלב2 1% ל.בכד</ManufacturerItemDescription><SoldByWeight/><Quantity>2000.00</Quantity><UnitOfMeasure>מ"ל</UnitOfMeasure><QtyInPackage>לא ידוע</QtyInPackage><UnitOfMeasurePrice>0.0054</UnitOfMeasurePrice><AllowDiscount>1</AllowDiscount><ItemStatus>1</ItemStatus><ItemPrice>10.80</ItemPrice></item><item><PriceUpdateDate>2016-04-24 08:06:10</PriceUpdateDate><ItemCode>7290000042244</ItemCode><ItemType>1</ItemType><ItemName>חלב כד 3% 2 ליטר</ItemName><ManufacturerName>חלב תנובה</ManufacturerName><ManufactureCountry>ישראל</ManufactureCountry><ManufacturerItemDescription>חלב 2 3% ליטר בכד</ManufacturerItemDescription><SoldByWeight/><Quantity>2000.00</Quantity><UnitOfMeasure>מ"ל</UnitOfMeasure><QtyInPackage>לא ידוע</QtyInPackage><UnitOfMeasurePrice>0.0058</UnitOfMeasurePrice><AllowDiscount>1</AllowDiscount><ItemStatus>1</ItemStatus><ItemPrice>11.50</ItemPrice></item><item><PriceUpdateDate>2015-10-13 11:27:33</PriceUpdateDate><ItemCode>7290000042404</ItemCode><ItemType>1</ItemType><ItemName>חלב מועשר יטבתה 3% ב</ItemName><ManufacturerName>יטבתה</ManufacturerName><ManufactureCountry>ישראל</ManufactureCountry><ManufacturerItemDescription>חלב1 3% ל.שקית מועשר יוטב</ManufacturerItemDescription><SoldByWeight/><Quantity>1000.00</Quantity><UnitOfMeasure>מ"ל</UnitOfMeasure><QtyInPackage>לא ידוע</QtyInPackage><UnitOfMeasurePrice>0.0065</UnitOfMeasurePrice><AllowDiscount>1</AllowDiscount><ItemStatus>1</ItemStatus><ItemPrice>6.50</ItemPrice></item><item><PriceUpdateDate>2016-05-08 10:32:13</PriceUpdateDate><ItemCode>7290000042435</ItemCode><ItemType>1</ItemType><ItemName>חלב 1% בקרטון 1 ליטר</ItemName><ManufacturerName>חלב תנובה</ManufacturerName><ManufactureCountry>ישראל</ManufactureCountry><ManufacturerItemDescription>חלב1 1% ל.קרטון פיקוח</ManufacturerItemDescription><SoldByWeight/><Quantity>1000.00</Quantity><UnitOfMeasure>מ"ל</UnitOfMeasure><QtyInPackage>לא ידוע</QtyInPackage><UnitOfMeasurePrice>0.0054</UnitOfMeasurePrice><AllowDiscount>1</AllowDiscount><ItemStatus>1</ItemStatus><ItemPrice>5.00</ItemPrice></item><item><PriceUpdateDate>2016-05-08 10:32:13</PriceUpdateDate><ItemCode>7290000042442</ItemCode><ItemType>1</ItemType><ItemName>חלב 3% בקרטון 1 ליטר</ItemName><ManufacturerName>חלב תנובה</ManufacturerName><ManufactureCountry>ישראל</ManufactureCountry><ManufacturerItemDescription>חלב1 3% ל.קרטון+פקק פיקוח</ManufacturerItemDescription><SoldByWeight/><Quantity>1000.00</Quantity><UnitOfMeasure>מ"ל</UnitOfMeasure><QtyInPackage>לא ידוע</QtyInPackage><UnitOfMeasurePrice>0.0058</UnitOfMeasurePrice><AllowDiscount>1</AllowDiscount><ItemStatus>1</ItemStatus><ItemPrice>5.00</ItemPrice></item><item><PriceUpdateDate>2016-02-14 06:39:51</PriceUpdateDate><ItemCode>7290000042466</ItemCode><ItemType>1</ItemType><ItemName>חלב 1% מועשר בחלבוני</ItemName><ManufacturerName>חלב תנובה</ManufacturerName><ManufactureCountry>ישראל</ManufactureCountry><ManufacturerItemDescription>חלב 1% מועשר קרטון+פקק1 ל</ManufacturerItemDescription><SoldByWeight/><Quantity>1000.00</Quantity><UnitOfMeasure>מ"ל</UnitOfMeasure><QtyInPackage>לא ידוע</QtyInPackage><UnitOfMeasurePrice>0.0089</UnitOfMeasurePrice><AllowDiscount>1</AllowDiscount><ItemStatus>1</ItemStatus><ItemPrice>8.90</ItemPrice></item><item><PriceUpdateDate>2015-10-22 08:04:46</PriceUpdateDate><ItemCode>7290000042503</ItemCode><ItemType>1</ItemType><ItemName>חלב עמיד 3% בקרטון 1</ItemName><ManufacturerName>חלב תנובה</ManufacturerName><ManufactureCountry>ישראל</ManufactureCountry><ManufacturerItemDescription>חלב עמיד1 ל 3% .קרטון</ManufacturerItemDescription><SoldByWeight/><Quantity>1000.00</Quantity><UnitOfMeasure>מ"ל</UnitOfMeasure><QtyInPackage>לא ידוע</QtyInPackage><UnitOfMeasurePrice>0.0074</UnitOfMeasurePrice><AllowDiscount>1</AllowDiscount><ItemStatus>1</ItemStatus><ItemPrice>7.40</ItemPrice></item><item><PriceUpdateDate>2015-10-22 08:04:46</PriceUpdateDate><ItemCode>7290000042640</ItemCode><ItemType>1</ItemType><ItemName>חלב עמיד3% 250 מ''ל</ItemName><ManufacturerName>חלב תנובה</ManufacturerName><ManufactureCountry>ישראל</ManufactureCountry><ManufacturerItemDescription>חלב עמיד 250 מל</ManufacturerItemDescription><SoldByWeight/><Quantity>250.00</Quantity><UnitOfMeasure>מ"ל</UnitOfMeasure><QtyInPackage>לא ידוע</QtyInPackage><UnitOfMeasurePrice>0.0112</UnitOfMeasurePrice><AllowDiscount>1</AllowDiscount><ItemStatus>1</ItemStatus><ItemPrice>2.80</ItemPrice></item><item><PriceUpdateDate>2015-10-13 11:27:33</PriceUpdateDate><ItemCode>7290000042855</ItemCode><ItemType>1</ItemType><ItemName>שוקו יטבתה שקית 225</ItemName><ManufacturerName>יטבתה</ManufacturerName><ManufactureCountry>ישראל</ManufactureCountry><ManufacturerItemDescription>שוקו בשקית 225 מל.יוטבתה</ManufacturerItemDescription><SoldByWeight/><Quantity>225.00</Quantity><UnitOfMeasure>מ"ל</UnitOfMeasure><QtyInPackage>לא ידוע</QtyInPackage><UnitOfMeasurePrice>0.0120</UnitOfMeasurePrice><AllowDiscount>1</AllowDiscount><ItemStatus>1</ItemStatus><ItemPrice>2.70</ItemPrice></item><item><PriceUpdateDate>2016-02-11 11:10:54</PriceUpdateDate><ItemCode>7290000043111</ItemCode><ItemType>1</ItemType><ItemName>חמאה רגילה 200 גרם</ItemName><ManufacturerName>תנובה</ManufacturerName><ManufactureCountry>ישראל</ManufactureCountry><ManufacturerItemDescription>חמאה 200 גרם פיקוח</ManufacturerItemDescription><SoldByWeight/><Quantity>200.00</Quantity><UnitOfMeasure>גרם     </UnitOfMeasure><QtyInPackage>לא ידוע</QtyInPackage><UnitOfMeasurePrice>0.0380</UnitOfMeasurePrice><AllowDiscount>1</AllowDiscount><ItemStatus>1</ItemStatus><ItemPrice>7.60</ItemPrice></item><item><PriceUpdateDate>2015-10-13 11:27:33</PriceUpdateDate><ItemCode>7290000043159</ItemCode><ItemType>1</ItemType><ItemName>חמאה מלוחה 200 גרם</ItemName><ManufacturerName>חמאת תנובה</ManufacturerName><ManufactureCountry>ישראל</ManufactureCountry><ManufacturerItemDescription>חמאה מלוחה200 ג</ManufacturerItemDescription><SoldByWeight/><Quantity>200.00</Quantity><UnitOfMeasure>גרם     </UnitOfMeasure><QtyInPackage>לא ידוע</QtyInPackage><UnitOfMeasurePrice>0.0485</UnitOfMeasurePrice><AllowDiscount>1</AllowDiscount><ItemStatus>1</ItemStatus><ItemPrice>9.70</ItemPrice></item><item><PriceUpdateDate>2016-02-11 11:10:54</PriceUpdateDate><ItemCode>7290000043814</ItemCode><ItemType>1</ItemType><ItemName>שמנת עמידה לקצפת 38%</ItemName><ManufacturerName>שף לבן</ManufacturerName><ManufactureCountry>ישראל</ManufactureCountry><ManufacturerItemDescription>שמנת מתוקה עמידה</ManufacturerItemDescription><SoldByWeight/><Quantity>250.00</Quantity><UnitOfMeasure>מ"ל</UnitOfMeasure><QtyInPackage>לא ידוע</QtyInPackage><UnitOfMeasurePrice>0.0238</UnitOfMeasurePrice><AllowDiscount>1</AllowDiscount><ItemStatus>1</ItemStatus><ItemPrice>5.95</ItemPrice></item><item><PriceUpdateDate>2016-02-15 07:37:44</PriceUpdateDate><ItemCode>7290000043890</ItemCode><ItemType>1</ItemType><ItemName>ריוויון 1.5% שומן 1</ItemName><ManufacturerName>ריויון</ManufacturerName><ManufactureCountry>ישראל</ManufactureCountry><ManufacturerItemDescription>רויון 1 ליטר בקרטון</ManufacturerItemDescription><SoldByWeight/><Quantity>1000.00</Quantity><UnitOfMeasure>מ"ל</UnitOfMeasure><QtyInPackage>לא ידוע</QtyInPackage><UnitOfMeasurePrice>0.0117</UnitOfMeasurePrice><AllowDiscount>1</AllowDiscount><ItemStatus>1</ItemStatus><ItemPrice>11.70</ItemPrice></item><item><PriceUpdateDate>2015-10-13 11:27:33</PriceUpdateDate><ItemCode>7290000043944</ItemCode><ItemType>1</ItemType><ItemName>יוגורט כד תנובה 1.5</ItemName><ManufacturerName>יופלה</ManufacturerName><ManufactureCountry>ישראל</ManufactureCountry><ManufacturerItemDescription>יוגורט 1.5 ל .בכד</ManufacturerItemDescription><SoldByWeight/><Quantity>1500.00</Quantity><UnitOfMeasure>מ"ל</UnitOfMeasure><QtyInPackage>לא ידוע</QtyInPackage><UnitOfMeasurePrice>0.0114</UnitOfMeasurePrice><AllowDiscount>1</AllowDiscount><ItemStatus>1</ItemStatus><ItemPrice>17.10</ItemPrice></item><item><PriceUpdateDate>2015-11-13 10:56:47</PriceUpdateDate><ItemCode>7290000044088</ItemCode><ItemType>1</ItemType><ItemName>שלי3% שומן 200 מ"ל</ItemName><ManufacturerName>שלי</ManufacturerName><ManufactureCountry>ישראל</ManufactureCountry><ManufacturerItemDescription>שלי3% שומן 200 מ"ל</ManufacturerItemDescription><SoldByWeight/><Quantity>200.00</Quantity><UnitOfMeasure>מ"ל</UnitOfMeasure><QtyInPackage>לא ידוע</QtyInPackage><UnitOfMeasurePrice>0.0160</UnitOfMeasurePrice><AllowDiscount>1</AllowDiscount><ItemStatus>1</ItemStatus><ItemPrice>3.20</ItemPrice></item><item><PriceUpdateDate>2015-10-22 08:04:46</PriceUpdateDate><ItemCode>7290000044248</ItemCode><ItemType>1</ItemType><ItemName>ריויון חצי ליטר</ItemName><ManufacturerName>ריויון</ManufacturerName><ManufactureCountry>ישראל</ManufactureCountry><ManufacturerItemDescription>רויון500 מל .קרטון</ManufacturerItemDescription><SoldByWeight/><Quantity>500.00</Quantity><UnitOfMeasure>מ"ל</UnitOfMeasure><QtyInPackage>לא ידוע</QtyInPackage><UnitOfMeasurePrice>0.0136</UnitOfMeasurePrice><AllowDiscount>1</AllowDiscount><ItemStatus>1</ItemStatus><ItemPrice>6.80</ItemPrice></item><item><PriceUpdateDate>2015-11-13 10:56:47</PriceUpdateDate><ItemCode>7290000044880</ItemCode><ItemType>1</ItemType><ItemName>מעדן באדי תות 500 גר</ItemName><ManufacturerName>באדי</ManufacturerName><ManufactureCountry>ישראל</ManufactureCountry><ManufacturerItemDescription>באדי תות 500 3% מל</ManufacturerItemDescription><SoldByWeight/><Quantity>500.00</Quantity><UnitOfMeasure>גרם     </UnitOfMeasure><QtyInPackage>לא ידוע</QtyInPackage><UnitOfMeasurePrice>0.0196</UnitOfMeasurePrice><AllowDiscount>1</AllowDiscount><ItemStatus>1</ItemStatus><ItemPrice>9.80</ItemPrice></item><item><PriceUpdateDate>2015-10-13 11:27:33</PriceUpdateDate><ItemCode>7290000045917</ItemCode><ItemType>1</ItemType><ItemName>גבינת קולאז עיזים גל</ItemName><ManufacturerName>גבינות תנובה</ManufacturerName><ManufactureCountry>ישראל</ManufactureCountry><ManufacturerItemDescription>גבינהצאן פרומעז גלילית 20</ManufacturerItemDescription><SoldByWeight/><Quantity>200.00</Quantity><UnitOfMeasure>גרם     </UnitOfMeasure><QtyInPackage>לא ידוע</QtyInPackage><UnitOfMeasurePrice>0.1310</UnitOfMeasurePrice><AllowDiscount>1</AllowDiscount><ItemStatus>1</ItemStatus><ItemPrice>26.20</ItemPrice></item><item><PriceUpdateDate>2016-03-01 07:13:10</PriceUpdateDate><ItemCode>7290000046303</ItemCode><ItemType>1</ItemType><ItemName>צהובה גוש חלב 28% פר</ItemName><ManufacturerName>גוש חלב</ManufacturerName><ManufactureCountry>ישראל</ManufactureCountry><ManufacturerItemDescription>גבינה קשה גוש חלב פרוס200</ManufacturerItemDescription><SoldByWeight/><Quantity>200.00</Quantity><UnitOfMeasure>גרם     </UnitOfMeasure><QtyInPackage>לא ידוע</QtyInPackage><UnitOfMeasurePrice>0.0695</UnitOfMeasurePrice><AllowDiscount>1</AllowDiscount><ItemStatus>1</ItemStatus><ItemPrice>13.90</ItemPrice></item><item><PriceUpdateDate>2015-10-13 11:27:33</PriceUpdateDate><ItemCode>7290000046327</ItemCode><ItemType>1</ItemType><ItemName>צהובה גלבוע 22% פרוס</ItemName><ManufacturerName>גלבוע</ManufacturerName><ManufactureCountry>ישראל</ManufactureCountry><ManufacturerItemDescription>גבינהקשה גלבוע פרוס200גר</ManufacturerItemDescription><SoldByWeight/><Quantity>200.00</Quantity><UnitOfMeasure>גרם     </UnitOfMeasure><QtyInPackage>לא ידוע</QtyInPackage><UnitOfMeasurePrice>0.0660</UnitOfMeasurePrice><AllowDiscount>1</AllowDiscount><ItemStatus>1</ItemStatus><ItemPrice>13.20</ItemPrice></item><item><PriceUpdateDate>2015-10-13 11:27:33</PriceUpdateDate><ItemCode>7290000047546</ItemCode><ItemType>1</ItemType><ItemName>גבינת כנען כחושה 5%</ItemName><ManufacturerName>שף לבן</ManufacturerName><ManufactureCountry>ישראל</ManufactureCountry><ManufacturerItemDescription>גבינת כנען כחושה 5%</ManufacturerItemDescription><SoldByWeight/><Quantity>500.00</Quantity><UnitOfMeasure>גרם     </UnitOfMeasure><QtyInPackage>לא ידוע</QtyInPackage><UnitOfMeasurePrice>0.0470</UnitOfMeasurePrice><AllowDiscount>1</AllowDiscount><ItemStatus>1</ItemStatus><ItemPrice>23.50</ItemPrice></item><item><PriceUpdateDate>2016-02-11 11:10:54</PriceUpdateDate><ItemCode>7290000048185</ItemCode><ItemType>1</ItemType><ItemName>גבינה 5% 250 גרם</ItemName><ManufacturerName>גבינות תנובה</ManufacturerName><ManufactureCountry>ישראל</ManufactureCountry><ManufacturerItemDescription>גבינה למריחה 250 5%גרם גב</ManufacturerItemDescription><SoldByWeight/><Quantity>250.00</Quantity><UnitOfMeasure>גרם     </UnitOfMeasure><QtyInPackage>לא ידוע</QtyInPackage><UnitOfMeasurePrice>0.0184</UnitOfMeasurePrice><AllowDiscount>1</AllowDiscount><ItemStatus>1</ItemStatus><ItemPrice>4.60</ItemPrice></item><item><PriceUpdateDate>2015-10-22 08:04:46</PriceUpdateDate><ItemCode>7290000048192</ItemCode><ItemType>1</ItemType><ItemName>גבינה לבנה 9% 250 גר</ItemName><ManufacturerName>גבינות תנובה</ManufacturerName><ManufactureCountry>ישראל</ManufactureCountry><ManufacturerItemDescription>גבינה למריחה 250 9%גרם</ManufacturerItemDescription><SoldByWeight/><Quantity>250.00</Quantity><UnitOfMeasure>גרם     </UnitOfMeasure><QtyInPackage>לא ידוע</QtyInPackage><UnitOfMeasurePrice>0.0196</UnitOfMeasurePrice><AllowDiscount>1</AllowDiscount><ItemStatus>1</ItemStatus><ItemPrice>4.90</ItemPrice></item><item><PriceUpdateDate>2015-10-22 08:04:46</PriceUpdateDate><ItemCode>7290000048307</ItemCode><ItemType>1</ItemType><ItemName>גבינת קוטג 5% עם זית</ItemName><ManufacturerName>קוטג תנובה</ManufacturerName><ManufactureCountry>ישראל</ManufactureCountry><ManufacturerItemDescription>קוטג 5%זיתים 250 גר</ManufacturerItemDescription><SoldByWeight/><Quantity>250.00</Quantity><UnitOfMeasure>גרם     </UnitOfMeasure><QtyInPackage>לא ידוע</QtyInPackage><UnitOfMeasurePrice>0.0248</UnitOfMeasurePrice><AllowDiscount>1</AllowDiscount><ItemStatus>1</ItemStatus><ItemPrice>6.20</ItemPrice></item><item><PriceUpdateDate>2015-10-13 11:27:33</PriceUpdateDate><ItemCode>7290000048413</ItemCode><ItemType>1</ItemType><ItemName>גבינת חמד פיראוס 250</ItemName><ManufacturerName>פיראוס</ManufacturerName><ManufactureCountry>ישראל</ManufactureCountry><ManufacturerItemDescription>גבינה חמד פיראוס בשקיות25</ManufacturerItemDescription><SoldByWeight/><Quantity>250.00</Quantity><UnitOfMeasure>גרם     </UnitOfMeasure><QtyInPackage>לא ידוע</QtyInPackage><UnitOfMeasurePrice>0.0752</UnitOfMeasurePrice><AllowDiscount>1</AllowDiscount><ItemStatus>1</ItemStatus><ItemPrice>18.80</ItemPrice></item><item><PriceUpdateDate>2016-03-29 07:28:23</PriceUpdateDate><ItemCode>7290000048437</ItemCode><ItemType>1</ItemType><ItemName>מב גבינה צפתית 5%שומ</ItemName><ManufacturerName>פיראוס</ManufacturerName><ManufactureCountry>ישראל</ManufactureCountry><ManufacturerItemDescription>גבינה צפתית 5% פיראוס200</ManufacturerItemDescription><SoldByWeight/><Quantity>200.00</Quantity><UnitOfMeasure>גרם     </UnitOfMeasure><QtyInPackage>לא ידוע</QtyInPackage><UnitOfMeasurePrice>0.0500</UnitOfMeasurePrice><AllowDiscount>1</AllowDiscount><ItemStatus>1</ItemStatus><ItemPrice>10.00</ItemPrice></item><item><PriceUpdateDate>2016-03-29 07:10:44</PriceUpdateDate><ItemCode>7290000050065</ItemCode><ItemType>1</ItemType><ItemName>מארז משקה יופלה 360</ItemName><ManufacturerName>יופלה</ManufacturerName><ManufactureCountry>ישראל</ManufactureCountry><ManufacturerItemDescription>מארז משקה יופלה 360</ManufacturerItemDescription><SoldByWeight/><Quantity>600.00</Quantity><UnitOfMeasure>מ"ל</UnitOfMeasure><QtyInPackage>לא ידוע</QtyInPackage><UnitOfMeasurePrice>0.0218</UnitOfMeasurePrice><AllowDiscount>1</AllowDiscount><ItemStatus>1</ItemStatus><ItemPrice>13.10</ItemPrice></item><item><PriceUpdateDate>2016-03-29 07:10:44</PriceUpdateDate><ItemCode>7290000050072</ItemCode><ItemType>1</ItemType><ItemName>מארז משקה יופלה 360</ItemName><ManufacturerName>יופלה</ManufacturerName><ManufactureCountry>ישראל</ManufactureCountry><ManufacturerItemDescription>מארז משקה יופלה 360</ManufacturerItemDescription><SoldByWeight/><Quantity>600.00</Quantity><UnitOfMeasure>מ"ל</UnitOfMeasure><QtyInPackage>לא ידוע</QtyInPackage><UnitOfMeasurePrice>0.0218</UnitOfMeasurePrice><AllowDiscount>1</AllowDiscount><ItemStatus>1</ItemStatus><ItemPrice>13.10</ItemPrice></item><item><PriceUpdateDate>2016-03-29 07:10:44</PriceUpdateDate><ItemCode>7290000050447</ItemCode><ItemType>1</ItemType><ItemName>יופלה תות 500 גרם</ItemName><ManufacturerName>יופלה</ManufacturerName><ManufactureCountry>ישראל</ManufactureCountry><ManufacturerItemDescription>יופלה תות 500 גרם</ManufacturerItemDescription><SoldByWeight/><Quantity>500.00</Quantity><UnitOfMeasure>גרם     </UnitOfMeasure><QtyInPackage>לא ידוע</QtyInPackage><UnitOfMeasurePrice>0.0282</UnitOfMeasurePrice><AllowDiscount>1</AllowDiscount><ItemStatus>1</ItemStatus><ItemPrice>14.10</ItemPrice></item><item><PriceUpdateDate>2016-03-29 07:10:44</PriceUpdateDate><ItemCode>7290000050454</ItemCode><ItemType>1</ItemType><ItemName>יופלה אפרסק 500 גרם</ItemName><ManufacturerName>יופלה</ManufacturerName><ManufactureCountry>ישראל</ManufactureCountry><ManufacturerItemDescription>יופלה אפרסק 500 גרם</ManufacturerItemDescription><SoldByWeight/><Quantity>500.00</Quantity><UnitOfMeasure>גרם     </UnitOfMeasure><QtyInPackage>לא ידוע</QtyInPackage><UnitOfMeasurePrice>0.0282</UnitOfMeasurePrice><AllowDiscount>1</AllowDiscount><ItemStatus>1</ItemStatus><ItemPrice>14.10</ItemPrice></item><item><PriceUpdateDate>2016-05-01 12:04:36</PriceUpdateDate><ItemCode>7290000050997</ItemCode><ItemType>1</ItemType><ItemName>מארז שטוזים בננה 400</ItemName><ManufacturerName>יופלה</ManufacturerName><ManufactureCountry>ישראל</ManufactureCountry><ManufacturerItemDescription>מארז יופלה שטוזים בננה</ManufacturerItemDescription><SoldByWeight/><Quantity>400.00</Quantity><UnitOfMeasure>גרם     </UnitOfMeasure><QtyInPackage>לא ידוע</QtyInPackage><UnitOfMeasurePrice>0.0273</UnitOfMeasurePrice><AllowDiscount>1</AllowDiscount><ItemStatus>1</ItemStatus><ItemPrice>10.90</ItemPrice></item><item><PriceUpdateDate>2016-05-01 12:04:36</PriceUpdateDate><ItemCode>7290000051024</ItemCode><ItemType>1</ItemType><ItemName>מארז שטוזים תות 400</ItemName><ManufacturerName>יופלה</ManufacturerName><ManufactureCountry>ישראל</ManufactureCountry><ManufacturerItemDescription>מארז יופלה שטוזים תות 400</ManufacturerItemDescription><SoldByWeight/><Quantity>400.00</Quantity><UnitOfMeasure>גרם     </UnitOfMeasure><QtyInPackage>לא ידוע</QtyInPackage><UnitOfMeasurePrice>0.0273</UnitOfMeasurePrice><AllowDiscount>1</AllowDiscount><ItemStatus>1</ItemStatus><ItemPrice>10.90</ItemPrice></item><item><PriceUpdateDate>2016-03-01 06:44:06</PriceUpdateDate><ItemCode>7290000051307</ItemCode><ItemType>1</ItemType><ItemName>מארז הפסקת אוכל דגני</ItemName><ManufacturerName>חלב תנובה</ManufacturerName><ManufactureCountry>ישראל</ManufactureCountry><ManufacturerItemDescription>מארז הפסקת אוכל דגני</ManufacturerItemDescription><SoldByWeight/><Quantity>150.00</Quantity><UnitOfMeasure>מ"ל</UnitOfMeasure><QtyInPackage>לא ידוע</QtyInPackage><UnitOfMeasurePrice>0.0640</UnitOfMeasurePrice><AllowDiscount>1</AllowDiscount><ItemStatus>1</ItemStatus><ItemPrice>9.60</ItemPrice></item><item><PriceUpdateDate>2016-02-15 07:37:44</PriceUpdateDate><ItemCode>7290000051376</ItemCode><ItemType>1</ItemType><ItemName>יופלה דיאט אננס 0% 1</ItemName><ManufacturerName>יופלה</ManufacturerName><ManufactureCountry>ישראל</ManufactureCountry><ManufacturerItemDescription>יופלה דיאט יופלה אננס</ManufacturerItemDescription><SoldByWeight/><Quantity>150.00</Quantity><UnitOfMeasure>מ"ל</UnitOfMeasure><QtyInPackage>לא ידוע</QtyInPackage><UnitOfMeasurePrice>0.0353</UnitOfMeasurePrice><AllowDiscount>1</AllowDiscount><ItemStatus>1</ItemStatus><ItemPrice>5.30</ItemPrice></item><item><PriceUpdateDate>2016-05-01 12:04:36</PriceUpdateDate><ItemCode>7290000052298</ItemCode><ItemType>1</ItemType><ItemName>מב משקה מוקה 1 ליטר</ItemName><ManufacturerName>שוק</ManufacturerName><ManufactureCountry>ישראל</ManufactureCountry><ManufacturerItemDescription>מב משקה מוקה 1 ליטר</ManufacturerItemDescription><SoldByWeight/><Quantity>1.00</Quantity><UnitOfMeasure>ליטר    </UnitOfMeasure><QtyInPackage>לא ידוע</QtyInPackage><UnitOfMeasurePrice>8.9000</UnitOfMeasurePrice><AllowDiscount>1</AllowDiscount><ItemStatus>1</ItemStatus><ItemPrice>8.90</ItemPrice></item><item><PriceUpdateDate>2015-10-22 08:04:47</PriceUpdateDate><ItemCode>7290000052304</ItemCode><ItemType>1</ItemType><ItemName>משקה מוקה 340 מ"ל תנ</ItemName><ManufacturerName>תנובה</ManufacturerName><ManufactureCountry>ישראל</ManufactureCountry><ManufacturerItemDescription>משקה מוקה תנובה 340 מל בב</ManufacturerItemDescription><SoldByWeight/><Quantity>340.00</Quantity><UnitOfMeasure>מ"ל</UnitOfMeasure><QtyInPackage>לא ידוע</QtyInPackage><UnitOfMeasurePrice>0.0191</UnitOfMeasurePrice><AllowDiscount>1</AllowDiscount><ItemStatus>1</ItemStatus><ItemPrice>6.50</ItemPrice></item><item><PriceUpdateDate>2016-02-17 06:20:59</PriceUpdateDate><ItemCode>7290000052311</ItemCode><ItemType>1</ItemType><ItemName>עמק פרוס בקופסא 15%</ItemName><ManufacturerName>עמק</ManufacturerName><ManufactureCountry>ישראל</ManufactureCountry><ManufacturerItemDescription>גבינה עמק 200 15% גרם פרו</ManufacturerItemDescription><SoldByWeight/><Quantity>200.00</Quantity><UnitOfMeasure>גרם     </UnitOfMeasure><QtyInPackage>לא ידוע</QtyInPackage><UnitOfMeasurePrice>0.0795</UnitOfMeasurePrice><AllowDiscount>1</AllowDiscount><ItemStatus>1</ItemStatus><ItemPrice>15.90</ItemPrice></item><item><PriceUpdateDate>2015-11-13 10:56:47</PriceUpdateDate><ItemCode>7290000052649</ItemCode><ItemType>1</ItemType><ItemName>לאבנה 5% 500 גר'</ItemName><ManufacturerName>פיראוס</ManufacturerName><ManufactureCountry>ישראל</ManufactureCountry><ManufacturerItemDescription>לאבנה 5% 500 גר'</ManufacturerItemDescription><SoldByWeight/><Quantity>500.00</Quantity><UnitOfMeasure>גרם     </UnitOfMeasure><QtyInPackage>לא ידוע</QtyInPackage><UnitOfMeasurePrice>0.0406</UnitOfMeasurePrice><AllowDiscount>1</AllowDiscount><ItemStatus>1</ItemStatus><ItemPrice>20.30</ItemPrice></item><item><PriceUpdateDate>2015-10-22 08:04:47</PriceUpdateDate><ItemCode>7290000052717</ItemCode><ItemType>1</ItemType><ItemName>קוטג' 5% עם שום שמיר</ItemName><ManufacturerName>קוטג תנובה</ManufacturerName><ManufactureCountry>ישראל</ManufactureCountry><ManufacturerItemDescription>קוטג 5% עם שום שמיר 250 ג</ManufacturerItemDescription><SoldByWeight/><Quantity>0.00</Quantity><UnitOfMeasure>גרם     </UnitOfMeasure><QtyInPackage>לא ידוע</QtyInPackage><UnitOfMeasurePrice>0.0000</UnitOfMeasurePrice><AllowDiscount>1</AllowDiscount><ItemStatus>1</ItemStatus><ItemPrice>6.20</ItemPrice></item><item><PriceUpdateDate>2015-10-22 08:04:47</PriceUpdateDate><ItemCode>7290000053271</ItemCode><ItemType>1</ItemType><ItemName>עמק עיזים 200 גרם</ItemName><ManufacturerName>עמק</ManufacturerName><ManufactureCountry>ישראל</ManufactureCountry><ManufacturerItemDescription>גבינה עמק עיזים 200 גרם</ManufacturerItemDescription><SoldByWeight/><Quantity>200.00</Quantity><UnitOfMeasure>גרם     </UnitOfMeasure><QtyInPackage>לא ידוע</QtyInPackage><UnitOfMeasurePrice>0.1020</UnitOfMeasurePrice><AllowDiscount>1</AllowDiscount><ItemStatus>1</ItemStatus><ItemPrice>20.40</ItemPrice></item><item><PriceUpdateDate>2015-10-22 08:04:47</PriceUpdateDate><ItemCode>7290000054742</ItemCode><ItemType>1</ItemType><ItemName>מאגדת רביעיית יופלה</ItemName><ManufacturerName>יופלה</ManufacturerName><ManufactureCountry>ישראל</ManufactureCountry><ManufacturerItemDescription>מאגדת רביעיית יופלה</ManufacturerItemDescription><SoldByWeight/><Quantity>680.00</Quantity><UnitOfMeasure>גרם     </UnitOfMeasure><QtyInPackage>לא ידוע</QtyInPackage><UnitOfMeasurePrice>0.0260</UnitOfMeasurePrice><AllowDiscount>1</AllowDiscount><ItemStatus>1</ItemStatus><ItemPrice>17.70</ItemPrice></item><item><PriceUpdateDate>2015-11-13 10:56:47</PriceUpdateDate><ItemCode>7290000054995</ItemCode><ItemType>1</ItemType><ItemName>פיראוס יוגורט עיזים</ItemName><ManufacturerName>פיראוס</ManufacturerName><ManufactureCountry>ישראל</ManufactureCountry><ManufacturerItemDescription>יוגורט עיזים פיראוס 500 ל</ManufacturerItemDescription><SoldByWeight/><Quantity>500.00</Quantity><UnitOfMeasure>מ"ל</UnitOfMeasure><QtyInPackage>לא ידוע</QtyInPackage><UnitOfMeasurePrice>0.0252</UnitOfMeasurePrice><AllowDiscount>1</AllowDiscount><ItemStatus>1</ItemStatus><ItemPrice>12.60</ItemPrice></item><item><PriceUpdateDate>2015-10-22 08:04:47</PriceUpdateDate><ItemCode>7290000055015</ItemCode><ItemType>1</ItemType><ItemName>פטה כבשים פיראוס 5%</ItemName><ManufacturerName>פיראוס</ManufacturerName><ManufactureCountry>ישראל</ManufactureCountry><ManufacturerItemDescription>גבינה פטה כבשים 5% פיראוס</ManufacturerItemDescription><SoldByWeight/><Quantity>250.00</Quantity><UnitOfMeasure>גרם     </UnitOfMeasure><QtyInPackage>לא ידוע</QtyInPackage><UnitOfMeasurePrice>0.1108</UnitOfMeasurePrice><AllowDiscount>1</AllowDiscount><ItemStatus>1</ItemStatus><ItemPrice>27.70</ItemPrice></item><item><PriceUpdateDate>2015-10-13 11:27:34</PriceUpdateDate><ItemCode>7290000055329</ItemCode><ItemType>1</ItemType><ItemName>יופלה משקה יוגורט בט</ItemName><ManufacturerName>יופלה</ManufacturerName><ManufactureCountry>ישראל</ManufactureCountry><ManufacturerItemDescription>משקה יוגורט יופלה תות מלו</ManufacturerItemDescription><SoldByWeight/><Quantity>250.00</Quantity><UnitOfMeasure>גרם     </UnitOfMeasure><QtyInPackage>לא ידוע</QtyInPackage><UnitOfMeasurePrice>0.0220</UnitOfMeasurePrice><AllowDiscount>0</AllowDiscount><ItemStatus>1</ItemStatus><ItemPrice>5.50</ItemPrice></item><item><PriceUpdateDate>2015-10-13 11:27:34</PriceUpdateDate><ItemCode>7290000055336</ItemCode><ItemType>1</ItemType><ItemName>יופלה משקה יוגורט בנ</ItemName><ManufacturerName>יופלה</ManufacturerName><ManufactureCountry>ישראל</ManufactureCountry><ManufacturerItemDescription>משקה יוגורט יופלה בננה אפ</ManufacturerItemDescription><SoldByWeight/><Quantity>250.00</Quantity><UnitOfMeasure>גרם     </UnitOfMeasure><QtyInPackage>לא ידוע</QtyInPackage><UnitOfMeasurePrice>0.0220</UnitOfMeasurePrice><AllowDiscount>0</AllowDiscount><ItemStatus>1</ItemStatus><ItemPrice>5.50</ItemPrice></item><item><PriceUpdateDate>2015-10-22 08:04:47</PriceUpdateDate><ItemCode>7290000056272</ItemCode><ItemType>1</ItemType><ItemName>גבינה לבנה עם זיתים</ItemName><ManufacturerName>לא ממותג</ManufacturerName><ManufactureCountry>ישראל</ManufactureCountry><ManufacturerItemDescription>גבינה לבנה 5% זיתים 250 ג</ManufacturerItemDescription><SoldByWeight/><Quantity>250.00</Quantity><UnitOfMeasure>גרם     </UnitOfMeasure><QtyInPackage>לא ידוע</QtyInPackage><UnitOfMeasurePrice>0.0228</UnitOfMeasurePrice><AllowDiscount>1</AllowDiscount><ItemStatus>1</ItemStatus><ItemPrice>5.70</ItemPrice></item><item><PriceUpdateDate>2016-03-01 06:44:06</PriceUpdateDate><ItemCode>7290000056845</ItemCode><ItemType>1</ItemType><ItemName>חלב הומוגני 3% 1.5 ל</ItemName><ManufacturerName>לא ממותג</ManufacturerName><ManufactureCountry>ישראל</ManufactureCountry><ManufacturerItemDescription>חלב 1.5 3% ליטר קרטו פיקו</ManufacturerItemDescription><SoldByWeight/><Quantity>2.00</Quantity><UnitOfMeasure>ליטר    </UnitOfMeasure><QtyInPackage>לא ידוע</QtyInPackage><UnitOfMeasurePrice>4.3000</UnitOfMeasurePrice><AllowDiscount>1</AllowDiscount><ItemStatus>1</ItemStatus><ItemPrice>8.60</ItemPrice></item><item><PriceUpdateDate>2015-10-13 11:27:34</PriceUpdateDate><ItemCode>7290000056906</ItemCode><ItemType>1</ItemType><ItemName>מאגדת יופלה 1.5% לבן</ItemName><ManufacturerName>יופלה</ManufacturerName><ManufactureCountry>ישראל</ManufactureCountry><ManufacturerItemDescription>מאגדת יופלה 1.5% לבן</ManufacturerItemDescription><SoldByWeight/><Quantity>1200.00</Quantity><UnitOfMeasure>גרם     </UnitOfMeasure><QtyInPackage>לא ידוע</QtyInPackage><UnitOfMeasurePrice>0.0154</UnitOfMeasurePrice><AllowDiscount>1</AllowDiscount><ItemStatus>1</ItemStatus><ItemPrice>18.50</ItemPrice></item><item><PriceUpdateDate>2016-02-17 06:20:59</PriceUpdateDate><ItemCode>7290000056951</ItemCode><ItemType>1</ItemType><ItemName>שמנת לבישול 15% 500</ItemName><ManufacturerName>תנובה</ManufacturerName><ManufactureCountry>ישראל</ManufactureCountry><ManufacturerItemDescription>שמנת לבישול 15% 500</ManufacturerItemDescription><SoldByWeight/><Quantity>500.00</Quantity><UnitOfMeasure>מ"ל</UnitOfMeasure><QtyInPackage>לא ידוע</QtyInPackage><UnitOfMeasurePrice>0.0338</UnitOfMeasurePrice><AllowDiscount>1</AllowDiscount><ItemStatus>1</ItemStatus><ItemPrice>16.90</ItemPrice></item><item><PriceUpdateDate>2016-02-11 11:10:54</PriceUpdateDate><ItemCode>7290000056968</ItemCode><ItemType>1</ItemType><ItemName>שמנת להקצפה 38% 500</ItemName><ManufacturerName>תנובה</ManufacturerName><ManufactureCountry>ישראל</ManufactureCountry><ManufacturerItemDescription>שמנת להקצפה 38% 500</ManufacturerItemDescription><SoldByWeight/><Quantity>500.00</Quantity><UnitOfMeasure>מ"ל</UnitOfMeasure><QtyInPackage>לא ידוע</QtyInPackage><UnitOfMeasurePrice>0.0238</UnitOfMeasurePrice><AllowDiscount>1</AllowDiscount><ItemStatus>1</ItemStatus><ItemPrice>11.90</ItemPrice></item><item><PriceUpdateDate>2015-10-13 11:27:34</PriceUpdateDate><ItemCode>7290000057088</ItemCode><ItemType>1</ItemType><ItemName>עמק דק 200 גרם</ItemName><ManufacturerName>עמק</ManufacturerName><ManufactureCountry>ישראל</ManufactureCountry><ManufacturerItemDescription>עמק דק 200 גרם</ManufacturerItemDescription><SoldByWeight/><Quantity>200.00</Quantity><UnitOfMeasure>גרם     </UnitOfMeasure><QtyInPackage>לא ידוע</QtyInPackage><UnitOfMeasurePrice>0.0795</UnitOfMeasurePrice><AllowDiscount>1</AllowDiscount><ItemStatus>1</ItemStatus><ItemPrice>15.90</ItemPrice></item><item><PriceUpdateDate>2015-10-13 11:27:34</PriceUpdateDate><ItemCode>7290000057118</ItemCode><ItemType>1</ItemType><ItemName>עמק פרוס 28% 400 גרם</ItemName><ManufacturerName>עמק</ManufacturerName><ManufactureCountry>ישראל</ManufactureCountry><ManufacturerItemDescription>עמק קלאסית מהמעדניה 400גר</ManufacturerItemDescription><SoldByWeight/><Quantity>400.00</Quantity><UnitOfMeasure>גרם     </UnitOfMeasure><QtyInPackage>לא ידוע</QtyInPackage><UnitOfMeasurePrice>0.0578</UnitOfMeasurePrice><AllowDiscount>1</AllowDiscount><ItemStatus>1</ItemStatus><ItemPrice>23.10</ItemPrice></item><item><PriceUpdateDate>2015-10-13 11:27:34</PriceUpdateDate><ItemCode>7290000057132</ItemCode><ItemType>1</ItemType><ItemName>יוגורט 1.5% 200 גרם</ItemName><ManufacturerName>יוגורט כדים תנובה</ManufacturerName><ManufactureCountry>ישראל</ManufactureCountry><ManufacturerItemDescription>יוגורט תנובה</ManufacturerItemDescription><SoldByWeight/><Quantity>200.00</Quantity><UnitOfMeasure>גרם     </UnitOfMeasure><QtyInPackage>לא ידוע</QtyInPackage><UnitOfMeasurePrice>0.0160</UnitOfMeasurePrice><AllowDiscount>1</AllowDiscount><ItemStatus>1</ItemStatus><ItemPrice>3.20</ItemPrice></item><item><PriceUpdateDate>2015-10-13 11:27:34</PriceUpdateDate><ItemCode>7290000057149</ItemCode><ItemType>1</ItemType><ItemName>יוגורט 3% 200 גרם</ItemName><ManufacturerName>יוגורט כדים תנובה</ManufacturerName><ManufactureCountry>ישראל</ManufactureCountry><ManufacturerItemDescription>יוגורט תנובה 200 גרם</ManufacturerItemDescription><SoldByWeight/><Quantity>200.00</Quantity><UnitOfMeasure>גרם     </UnitOfMeasure><QtyInPackage>לא ידוע</QtyInPackage><UnitOfMeasurePrice>0.0160</UnitOfMeasurePrice><AllowDiscount>1</AllowDiscount><ItemStatus>1</ItemStatus><ItemPrice>3.20</ItemPrice></item><item><PriceUpdateDate>2016-02-15 07:37:44</PriceUpdateDate><ItemCode>7290000057552</ItemCode><ItemType>1</ItemType><ItemName>יופלה דיאט עוגת גבינ</ItemName><ManufacturerName>יופלה</ManufacturerName><ManufactureCountry>ישראל</ManufactureCountry><ManufacturerItemDescription>יופלה דיאט עוגת גבינה ותו</ManufacturerItemDescription><SoldByWeight/><Quantity>150.00</Quantity><UnitOfMeasure>גרם     </UnitOfMeasure><QtyInPackage>לא ידוע</QtyInPackage><UnitOfMeasurePrice>0.0353</UnitOfMeasurePrice><AllowDiscount>1</AllowDiscount><ItemStatus>1</ItemStatus><ItemPrice>5.30</ItemPrice></item><item><PriceUpdateDate>2016-05-01 12:04:40</PriceUpdateDate><ItemCode>7290000061764</ItemCode><ItemType>1</ItemType><ItemName>מב נס קפה רד מאג 200</ItemName><ManufacturerName>רד מאג</ManufacturerName><ManufactureCountry>ספרד</ManufactureCountry><ManufacturerItemDescription>מברשת בקבוק+פט  טמה</ManufacturerItemDescription><SoldByWeight/><Quantity>200.00</Quantity><UnitOfMeasure>גרם     </UnitOfMeasure><QtyInPackage>לא ידוע</QtyInPackage><UnitOfMeasurePrice>0.0995</UnitOfMeasurePrice><AllowDiscount>1</AllowDiscount><ItemStatus>1</ItemStatus><ItemPrice>19.90</ItemPrice></item><item><PriceUpdateDate>2016-03-16 14:00:28</PriceUpdateDate><ItemCode>7290000066264</ItemCode><ItemType>1</ItemType><ItemName>חטיף דובונים 40 גרם</ItemName><ManufacturerName>דובונים</ManufacturerName><ManufactureCountry>ישראל</ManufactureCountry><ManufacturerItemDescription>דובונים40 גר</ManufacturerItemDescription><SoldByWeight/><Quantity>40.00</Quantity><UnitOfMeasure>גרם     </UnitOfMeasure><QtyInPackage>לא ידוע</QtyInPackage><UnitOfMeasurePrice>0.1225</UnitOfMeasurePrice><AllowDiscount>1</AllowDiscount><ItemStatus>1</ItemStatus><ItemPrice>4.90</ItemPrice></item><item><PriceUpdateDate>2015-11-02 17:19:43</PriceUpdateDate><ItemCode>7290000066295</ItemCode><ItemType>1</ItemType><ItemName>במבה מתוקה תות 30 גר</ItemName><ManufacturerName>במבה</ManufacturerName><ManufactureCountry>ישראל</ManufactureCountry><ManufacturerItemDescription>במבה מתוקה תות 30 גר</ManufacturerItemDescription><SoldByWeight/><Quantity>30.00</Quantity><UnitOfMeasure>גרם     </UnitOfMeasure><QtyInPackage>לא ידוע</QtyInPackage><UnitOfMeasurePrice>0.1167</UnitOfMeasurePrice><AllowDiscount>1</AllowDiscount><ItemStatus>1</ItemStatus><ItemPrice>3.50</ItemPrice></item><item><PriceUpdateDate>2016-03-16 14:00:28</PriceUpdateDate><ItemCode>7290000066318</ItemCode><ItemType>1</ItemType><ItemName>במבה 80 גרם</ItemName><ManufacturerName>במבה</ManufacturerName><ManufactureCountry>ישראל</ManufactureCountry><ManufacturerItemDescription>במבה 80 גרם</ManufacturerItemDescription><SoldByWeight/><Quantity>80.00</Quantity><UnitOfMeasure>גרם     </UnitOfMeasure><QtyInPackage>לא ידוע</QtyInPackage><UnitOfMeasurePrice>0.0613</UnitOfMeasurePrice><AllowDiscount>1</AllowDiscount><ItemStatus>1</ItemStatus><ItemPrice>4.90</ItemPrice></item><item><PriceUpdateDate>2016-03-16 14:00:28</PriceUpdateDate><ItemCode>7290000066332</ItemCode><ItemType>1</ItemType><ItemName>חטיף אפרופו 50 גרם</ItemName><ManufacturerName>אפרופו</ManufacturerName><ManufactureCountry>ישראל</ManufactureCountry><ManufacturerItemDescription>אפרופו50 גר.שקית</ManufacturerItemDescription><SoldByWeight/><Quantity>14.00</Quantity><UnitOfMeasure>גרם     </UnitOfMeasure><QtyInPackage>לא ידוע</QtyInPackage><UnitOfMeasurePrice>0.4214</UnitOfMeasurePrice><AllowDiscount>1</AllowDiscount><ItemStatus>1</ItemStatus><ItemPrice>5.90</ItemPrice></item><item><PriceUpdateDate>2015-11-02 17:19:43</PriceUpdateDate><ItemCode>7290000066431</ItemCode><ItemType>1</ItemType><ItemName>חטיף פופקורן חמאה וד</ItemName><ManufacturerName>אסם</ManufacturerName><ManufactureCountry>ישראל</ManufactureCountry><ManufacturerItemDescription>חטיף פופקו תירס חמאה ודבש</ManufacturerItemDescription><SoldByWeight/><Quantity>80.00</Quantity><UnitOfMeasure>גרם     </UnitOfMeasure><QtyInPackage>לא ידוע</QtyInPackage><UnitOfMeasurePrice>0.0863</UnitOfMeasurePrice><AllowDiscount>1</AllowDiscount><ItemStatus>1</ItemStatus><ItemPrice>6.90</ItemPrice></item><item><PriceUpdateDate>2016-03-29 07:10:44</PriceUpdateDate><ItemCode>7290000066950</ItemCode><ItemType>1</ItemType><ItemName>תרכיז ויטמינציק תפו"</ItemName><ManufacturerName>ויטמינצק</ManufacturerName><ManufactureCountry>ישראל</ManufactureCountry><ManufacturerItemDescription>תרכיז ויטמינציק תפו"</ManufacturerItemDescription><SoldByWeight/><Quantity>1000.00</Quantity><UnitOfMeasure>מ"ל</UnitOfMeasure><QtyInPackage>לא ידוע</QtyInPackage><UnitOfMeasurePrice>0.0129</UnitOfMeasurePrice><AllowDiscount>1</AllowDiscount><ItemStatus>1</ItemStatus><ItemPrice>12.90</ItemPrice></item><item><PriceUpdateDate>2016-04-11 15:05:26</PriceUpdateDate><ItemCode>7290000068282</ItemCode><ItemType>1</ItemType><ItemName>מנה חמה תפו'א עם ירק</ItemName><ManufacturerName>אסם</ManufacturerName><ManufactureCountry>ישראל</ManufactureCountry><ManufacturerItemDescription>מנה חמה תפוא עם ירקות</ManufacturerItemDescription><SoldByWeight/><Quantity>47.00</Quantity><UnitOfMeasure>גרם     </UnitOfMeasure><QtyInPackage>לא ידוע</QtyInPackage><UnitOfMeasurePrice>0.1468</UnitOfMeasurePrice><AllowDiscount>1</AllowDiscount><ItemStatus>1</ItemStatus><ItemPrice>6.90</ItemPrice></item><item><PriceUpdateDate>2016-03-16 14:00:28</PriceUpdateDate><ItemCode>7290000068770</ItemCode><ItemType>1</ItemType><ItemName>במבה אסם 80 גרם</ItemName><ManufacturerName>במבה</ManufacturerName><ManufactureCountry>ישראל</ManufactureCountry><ManufacturerItemDescription>במבה אסם 80 גרם</ManufacturerItemDescription><SoldByWeight/><Quantity>14.00</Quantity><UnitOfMeasure>גרם     </UnitOfMeasure><QtyInPackage>לא ידוע</QtyInPackage><UnitOfMeasurePrice>0.3500</UnitOfMeasurePrice><AllowDiscount>0</AllowDiscount><ItemStatus>1</ItemStatus><ItemPrice>4.90</ItemPrice></item><item><PriceUpdateDate>2015-10-11 14:21:52</PriceUpdateDate><ItemCode>7290000068787</ItemCode><ItemType>1</ItemType><ItemName>במבה יום הולדת 25 גר</ItemName><ManufacturerName>במבה</ManufacturerName><ManufactureCountry>ישראל</ManufactureCountry><ManufacturerItemDescription>במבה יום הולדת 25 גר</ManufacturerItemDescription><SoldByWeight/><Quantity>25.00</Quantity><UnitOfMeasure>גרם     </UnitOfMeasure><QtyInPackage>לא ידוע</QtyInPackage><UnitOfMeasurePrice>0.1280</UnitOfMeasurePrice><AllowDiscount>1</AllowDiscount><ItemStatus>1</ItemStatus><ItemPrice>3.20</ItemPrice></item><item><PriceUpdateDate>2016-05-01 12:04:47</PriceUpdateDate><ItemCode>7290000070308</ItemCode><ItemType>1</ItemType><ItemName>מרק עוף אמיתי אסם 40</ItemName><ManufacturerName>אסם</ManufacturerName><ManufactureCountry>ישראל</ManufactureCountry><ManufacturerItemDescription>מרק עוף אמיתי 400 גרם</ManufacturerItemDescription><SoldByWeight/><Quantity>400.00</Quantity><UnitOfMeasure>גרם     </UnitOfMeasure><QtyInPackage>לא ידוע</QtyInPackage><UnitOfMeasurePrice>0.0660</UnitOfMeasurePrice><AllowDiscount>1</AllowDiscount><ItemStatus>1</ItemStatus><ItemPrice>26.40</ItemPrice></item><item><PriceUpdateDate>2016-05-01 12:04:47</PriceUpdateDate><ItemCode>7290000070353</ItemCode><ItemType>1</ItemType><ItemName>אבקת מרק בצל במיכל</ItemName><ManufacturerName>אסם</ManufacturerName><ManufactureCountry>ישראל</ManufactureCountry><ManufacturerItemDescription>מרק בצל 400 גרם</ManufacturerItemDescription><SoldByWeight/><Quantity>400.00</Quantity><UnitOfMeasure>גרם     </UnitOfMeasure><QtyInPackage>לא ידוע</QtyInPackage><UnitOfMeasurePrice>0.0772</UnitOfMeasurePrice><AllowDiscount>1</AllowDiscount><ItemStatus>1</ItemStatus><ItemPrice>30.90</ItemPrice></item><item><PriceUpdateDate>2016-03-16 14:00:28</PriceUpdateDate><ItemCode>7290000072623</ItemCode><ItemType>1</ItemType><ItemName>קטשופ אסם רכיבים טבע</ItemName><ManufacturerName>אסם</ManufacturerName><ManufactureCountry>ישראל</ManufactureCountry><ManufacturerItemDescription>קטשופ לחיץ רגיל 750 גרם</ManufacturerItemDescription><SoldByWeight/><Quantity>750.00</Quantity><UnitOfMeasure>גרם     </UnitOfMeasure><QtyInPackage>לא ידוע</QtyInPackage><UnitOfMeasurePrice>0.0159</UnitOfMeasurePrice><AllowDiscount>0</AllowDiscount><ItemStatus>1</ItemStatus><ItemPrice>11.90</ItemPrice></item><item><PriceUpdateDate>2016-03-16 14:01:00</PriceUpdateDate><ItemCode>7290000072753</ItemCode><ItemType>1</ItemType><ItemName>קפה נמס טסטר'ס צ'ויס</ItemName><ManufacturerName>טסטרס צויס</ManufacturerName><ManufactureCountry>ישראל</ManufactureCountry><ManufacturerItemDescription>קפה טסטרס צויס  'ויס200ג</ManufacturerItemDescription><SoldByWeight/><Quantity>200.00</Quantity><UnitOfMeasure>גרם     </UnitOfMeasure><QtyInPackage>לא ידוע</QtyInPackage><UnitOfMeasurePrice>0.1595</UnitOfMeasurePrice><AllowDiscount>1</AllowDiscount><ItemStatus>1</ItemStatus><ItemPrice>31.90</ItemPrice></item><item><PriceUpdateDate>2016-03-16 14:01:00</PriceUpdateDate><ItemCode>7290000072777</ItemCode><ItemType>1</ItemType><ItemName>טסטר'ס צ'ויס נטול קפ</ItemName><ManufacturerName>ג'יקובס</ManufacturerName><ManufactureCountry>ישראל</ManufactureCountry><ManufacturerItemDescription>קפה טסטרס צויס  ופאין200</ManufacturerItemDescription><SoldByWeight/><Quantity>200.00</Quantity><UnitOfMeasure>גרם     </UnitOfMeasure><QtyInPackage>לא ידוע</QtyInPackage><UnitOfMeasurePrice>0.1995</UnitOfMeasurePrice><AllowDiscount>1</AllowDiscount><ItemStatus>1</ItemStatus><ItemPrice>39.90</ItemPrice></item><item><PriceUpdateDate>2016-05-01 12:04:48</PriceUpdateDate><ItemCode>7290000072890</ItemCode><ItemType>1</ItemType><ItemName>רוטב לסלט אלף האיים</ItemName><ManufacturerName>אסם</ManufacturerName><ManufactureCountry>ישראל</ManufactureCountry><ManufacturerItemDescription>רוטב אלף האיים לייט 290 5</ManufacturerItemDescription><SoldByWeight/><Quantity>290.00</Quantity><UnitOfMeasure>מ"ל</UnitOfMeasure><QtyInPackage>לא ידוע</QtyInPackage><UnitOfMeasurePrice>0.0445</UnitOfMeasurePrice><AllowDiscount>1</AllowDiscount><ItemStatus>1</ItemStatus><ItemPrice>12.90</ItemPrice></item><item><PriceUpdateDate>2016-03-29 07:10:45</PriceUpdateDate><ItemCode>7290000073835</ItemCode><ItemType>1</ItemType><ItemName>מארז צ'יפסי 4*50 גרם</ItemName><ManufacturerName>ציפסי</ManufacturerName><ManufactureCountry>ישראל</ManufactureCountry><ManufacturerItemDescription>מארז צ'יפסי 4*50 גרם</ManufacturerItemDescription><SoldByWeight/><Quantity>200.00</Quantity><UnitOfMeasure>גרם     </UnitOfMeasure><QtyInPackage>לא ידוע</QtyInPackage><UnitOfMeasurePrice>0.0645</UnitOfMeasurePrice><AllowDiscount>1</AllowDiscount><ItemStatus>1</ItemStatus><ItemPrice>12.90</ItemPrice></item><item><PriceUpdateDate>2016-05-01 12:04:50</PriceUpdateDate><ItemCode>7290000074245</ItemCode><ItemType>1</ItemType><ItemName>קרם קרקר 227 גרם</ItemName><ManufacturerName>קרקר אסם</ManufacturerName><ManufactureCountry>ישראל</ManufactureCountry><ManufacturerItemDescription>קרם קרקר250 גר</ManufacturerItemDescription><SoldByWeight/><Quantity>227.00</Quantity><UnitOfMeasure>גרם     </UnitOfMeasure><QtyInPackage>לא ידוע</QtyInPackage><UnitOfMeasurePrice>0.0458</UnitOfMeasurePrice><AllowDiscount>1</AllowDiscount><ItemStatus>1</ItemStatus><ItemPrice>9.90</ItemPrice></item><item><PriceUpdateDate>2015-11-02 17:19:44</PriceUpdateDate><ItemCode>7290000078762</ItemCode><ItemType>1</ItemType><ItemName>חטיפי פריכונים בטעם</ItemName><ManufacturerName>פריכונים</ManufacturerName><ManufactureCountry>ישראל</ManufactureCountry><ManufacturerItemDescription>חטיפי פריכונים בטעם</ManufacturerItemDescription><SoldByWeight/><Quantity>14.00</Quantity><UnitOfMeasure>גרם     </UnitOfMeasure><QtyInPackage>לא ידוע</QtyInPackage><UnitOfMeasurePrice>0.6286</UnitOfMeasurePrice><AllowDiscount>1</AllowDiscount><ItemStatus>1</ItemStatus><ItemPrice>8.80</ItemPrice></item><item><PriceUpdateDate>2016-03-29 07:10:45</PriceUpdateDate><ItemCode>7290000080505</ItemCode><ItemType>1</ItemType><ItemName>סלט טורקי רפי כהן 40</ItemName><ManufacturerName>צבר</ManufacturerName><ManufactureCountry>ישראל</ManufactureCountry><ManufacturerItemDescription>סלט טורקי רפי 400 גרם</ManufacturerItemDescription><SoldByWeight/><Quantity>400.00</Quantity><UnitOfMeasure>גרם     </UnitOfMeasure><QtyInPackage>לא ידוע</QtyInPackage><UnitOfMeasurePrice>0.0413</UnitOfMeasurePrice><AllowDiscount>1</AllowDiscount><ItemStatus>1</ItemStatus><ItemPrice>16.50</ItemPrice></item><item><PriceUpdateDate>2016-03-29 07:10:45</PriceUpdateDate><ItemCode>7290000080512</ItemCode><ItemType>1</ItemType><ItemName>סלט תפוח אדמה רפי כה</ItemName><ManufacturerName>צבר</ManufacturerName><ManufactureCountry>ישראל</ManufactureCountry><ManufacturerItemDescription>סלט תפוא 400 גר</ManufacturerItemDescription><SoldByWeight/><Quantity>400.00</Quantity><UnitOfMeasure>גרם     </UnitOfMeasure><QtyInPackage>לא ידוע</QtyInPackage><UnitOfMeasurePrice>0.0413</UnitOfMeasurePrice><AllowDiscount>1</AllowDiscount><ItemStatus>1</ItemStatus><ItemPrice>16.50</ItemPrice></item><item><PriceUpdateDate>2016-03-29 07:10:45</PriceUpdateDate><ItemCode>7290000080536</ItemCode><ItemType>1</ItemType><ItemName>סלט חציל בטעם כבד רפ</ItemName><ManufacturerName>צבר</ManufacturerName><ManufactureCountry>ישראל</ManufactureCountry><ManufacturerItemDescription>סלט חציל בטעם כבד רפ</ManufacturerItemDescription><SoldByWeight/><Quantity>400.00</Quantity><UnitOfMeasure>גרם     </UnitOfMeasure><QtyInPackage>לא ידוע</QtyInPackage><UnitOfMeasurePrice>0.0413</UnitOfMeasurePrice><AllowDiscount>1</AllowDiscount><ItemStatus>1</ItemStatus><ItemPrice>16.50</ItemPrice></item><item><PriceUpdateDate>2016-02-02 05:50:36</PriceUpdateDate><ItemCode>7290000080932</ItemCode><ItemType>1</ItemType><ItemName>ג'ויה גלידת שוקולד א</ItemName><ManufacturerName>ג'ויה</ManufacturerName><ManufactureCountry>ישראל</ManufactureCountry><ManufacturerItemDescription>גלידה שוקו אגוז 500 מל</ManufacturerItemDescription><SoldByWeight/><Quantity>500.00</Quantity><UnitOfMeasure>מ"ל</UnitOfMeasure><QtyInPackage>לא ידוע</QtyInPackage><UnitOfMeasurePrice>0.0478</UnitOfMeasurePrice><AllowDiscount>1</AllowDiscount><ItemStatus>1</ItemStatus><ItemPrice>23.90</ItemPrice></item><item><PriceUpdateDate>2015-12-14 11:23:17</PriceUpdateDate><ItemCode>7290000103464</ItemCode><ItemType>1</ItemType><ItemName>אפונת גינה סנפרוסט 5</ItemName><ManufacturerName>סנפרוסט</ManufacturerName><ManufactureCountry>ישראל</ManufactureCountry><ManufacturerItemDescription>אפונת גינה 800 גר</ManufacturerItemDescription><SoldByWeight/><Quantity>500.00</Quantity><UnitOfMeasure>גרם     </UnitOfMeasure><QtyInPackage>לא ידוע</QtyInPackage><UnitOfMeasurePrice>0.0232</UnitOfMeasurePrice><AllowDiscount>1</AllowDiscount><ItemStatus>1</ItemStatus><ItemPrice>11.60</ItemPrice></item><item><PriceUpdateDate>2016-01-28 06:49:29</PriceUpdateDate><ItemCode>7290000103471</ItemCode><ItemType>1</ItemType><ItemName>מיני ברוקולי סנפרוסט</ItemName><ManufacturerName>סנפרוסט</ManufacturerName><ManufactureCountry>ישראל</ManufactureCountry><ManufacturerItemDescription>תפרחות ברוקולי 800 גר</ManufacturerItemDescription><SoldByWeight/><Quantity>600.00</Quantity><UnitOfMeasure>גרם     </UnitOfMeasure><QtyInPackage>לא ידוע</QtyInPackage><UnitOfMeasurePrice>0.0282</UnitOfMeasurePrice><AllowDiscount>1</AllowDiscount><ItemStatus>1</ItemStatus><ItemPrice>16.90</ItemPrice></item><item><PriceUpdateDate>2016-05-01 12:04:53</PriceUpdateDate><ItemCode>7290000104201</ItemCode><ItemType>1</ItemType><ItemName>אפונה עדינה 600 גרם</ItemName><ManufacturerName>סנפרוסט</ManufacturerName><ManufactureCountry>ישראל</ManufactureCountry><ManufacturerItemDescription>אפונה עדינה 600 גר</ManufacturerItemDescription><SoldByWeight/><Quantity>600.00</Quantity><UnitOfMeasure>גרם     </UnitOfMeasure><QtyInPackage>לא ידוע</QtyInPackage><UnitOfMeasurePrice>0.0315</UnitOfMeasurePrice><AllowDiscount>1</AllowDiscount><ItemStatus>1</ItemStatus><ItemPrice>18.90</ItemPrice></item><item><PriceUpdateDate>2016-05-01 12:04:53</PriceUpdateDate><ItemCode>7290000104218</ItemCode><ItemType>1</ItemType><ItemName>במיה סנפרוסט</ItemName><ManufacturerName>סנפרוסט</ManufacturerName><ManufactureCountry>ישראל</ManufactureCountry><ManufacturerItemDescription>במיה 600 גר</ManufacturerItemDescription><SoldByWeight/><Quantity>600.00</Quantity><UnitOfMeasure>גרם     </UnitOfMeasure><QtyInPackage>לא ידוע</QtyInPackage><UnitOfMeasurePrice>0.0342</UnitOfMeasurePrice><AllowDiscount>1</AllowDiscount><ItemStatus>1</ItemStatus><ItemPrice>20.50</ItemPrice></item><item><PriceUpdateDate>2016-03-16 14:00:28</PriceUpdateDate><ItemCode>7290000104676</ItemCode><ItemType>1</ItemType><ItemName>אפונת גינה סנפרוסט 8</ItemName><ManufacturerName>סנפרוסט</ManufacturerName><ManufactureCountry>ישראל</ManufactureCountry><ManufacturerItemDescription>אפונת גינה 800 גר</ManufacturerItemDescription><SoldByWeight/><Quantity>800.00</Quantity><UnitOfMeasure>גרם     </UnitOfMeasure><QtyInPackage>לא ידוע</QtyInPackage><UnitOfMeasurePrice>0.0236</UnitOfMeasurePrice><AllowDiscount>1</AllowDiscount><ItemStatus>1</ItemStatus><ItemPrice>18.90</ItemPrice></item><item><PriceUpdateDate>2016-05-01 12:04:54</PriceUpdateDate><ItemCode>7290000104683</ItemCode><ItemType>1</ItemType><ItemName>שעועית שלמה סנפרוסט</ItemName><ManufacturerName>סנפרוסט</ManufacturerName><ManufactureCountry>ישראל</ManufactureCountry><ManufacturerItemDescription>שעועית ירוקה שלמה 800 גר</ManufacturerItemDescription><SoldByWeight/><Quantity>800.00</Quantity><UnitOfMeasure>גרם     </UnitOfMeasure><QtyInPackage>לא ידוע</QtyInPackage><UnitOfMeasurePrice>0.0254</UnitOfMeasurePrice><AllowDiscount>1</AllowDiscount><ItemStatus>1</ItemStatus><ItemPrice>20.30</ItemPrice></item><item><PriceUpdateDate>2016-05-01 12:04:54</PriceUpdateDate><ItemCode>7290000104690</ItemCode><ItemType>1</ItemType><ItemName>גרעיני תירס 800 גרם</ItemName><ManufacturerName>סנפרוסט</ManufacturerName><ManufactureCountry>ישראל</ManufactureCountry><ManufacturerItemDescription>תירס גרעינים 800 גר</ManufacturerItemDescription><SoldByWeight/><Quantity>800.00</Quantity><UnitOfMeasure>גרם     </UnitOfMeasure><QtyInPackage>לא ידוע</QtyInPackage><UnitOfMeasurePrice>0.0236</UnitOfMeasurePrice><AllowDiscount>1</AllowDiscount><ItemStatus>1</ItemStatus><ItemPrice>18.90</ItemPrice></item><item><PriceUpdateDate>2016-05-01 10:23:26</PriceUpdateDate><ItemCode>7290000104706</ItemCode><ItemType>1</ItemType><ItemName>מב גזר גמדי סנפרוסט</ItemName><ManufacturerName>סנפרוסט</ManufacturerName><ManufactureCountry>ישראל</ManufactureCountry><ManufacturerItemDescription>גזר גמדי 800 גר</ManufacturerItemDescription><SoldByWeight/><Quantity>800.00</Quantity><UnitOfMeasure>גרם     </UnitOfMeasure><QtyInPackage>לא ידוע</QtyInPackage><UnitOfMeasurePrice>0.0174</UnitOfMeasurePrice><AllowDiscount>1</AllowDiscount><ItemStatus>1</ItemStatus><ItemPrice>13.90</ItemPrice></item><item><PriceUpdateDate>2016-05-01 12:04:54</PriceUpdateDate><ItemCode>7290000104713</ItemCode><ItemType>1</ItemType><ItemName>פול ירוק 800 גרם</ItemName><ManufacturerName>סנפרוסט</ManufacturerName><ManufactureCountry>ישראל</ManufactureCountry><ManufacturerItemDescription>פול ירוק 800 גר</ManufacturerItemDescription><SoldByWeight/><Quantity>800.00</Quantity><UnitOfMeasure>גרם     </UnitOfMeasure><QtyInPackage>לא ידוע</QtyInPackage><UnitOfMeasurePrice>0.0349</UnitOfMeasurePrice><AllowDiscount>1</AllowDiscount><ItemStatus>1</ItemStatus><ItemPrice>27.90</ItemPrice></item><item><PriceUpdateDate>2016-05-01 12:04:54</PriceUpdateDate><ItemCode>7290000104720</ItemCode><ItemType>1</ItemType><ItemName>שעועית ירוקה חתוכה 8</ItemName><ManufacturerName>סנפרוסט</ManufacturerName><ManufactureCountry>ישראל</ManufactureCountry><ManufacturerItemDescription>שעועית ירוקה חתוכה 800 גר</ManufacturerItemDescription><SoldByWeight/><Quantity>800.00</Quantity><UnitOfMeasure>גרם     </UnitOfMeasure><QtyInPackage>לא ידוע</QtyInPackage><UnitOfMeasurePrice>0.0249</UnitOfMeasurePrice><AllowDiscount>1</AllowDiscount><ItemStatus>1</ItemStatus><ItemPrice>19.90</ItemPrice></item><item><PriceUpdateDate>2016-05-01 12:04:54</PriceUpdateDate><ItemCode>7290000104744</ItemCode><ItemType>1</ItemType><ItemName>כרובית 800 גרם</ItemName><ManufacturerName>סנפרוסט</ManufacturerName><ManufactureCountry>ישראל</ManufactureCountry><ManufacturerItemDescription>כרובית 800-גר</ManufacturerItemDescription><SoldByWeight/><Quantity>800.00</Quantity><UnitOfMeasure>גרם     </UnitOfMeasure><QtyInPackage>לא ידוע</QtyInPackage><UnitOfMeasurePrice>0.0311</UnitOfMeasurePrice><AllowDiscount>1</AllowDiscount><ItemStatus>1</ItemStatus><ItemPrice>24.90</ItemPrice></item><item><PriceUpdateDate>2016-05-01 12:04:54</PriceUpdateDate><ItemCode>7290000104751</ItemCode><ItemType>1</ItemType><ItemName>מב כרוב ניצנים 800 ג</ItemName><ManufacturerName>סנפרוסט</ManufacturerName><ManufactureCountry>ישראל</ManufactureCountry><ManufacturerItemDescription>מב כרוב ניצנים 800 ג</ManufacturerItemDescription><SoldByWeight/><Quantity>800.00</Quantity><UnitOfMeasure>גרם     </UnitOfMeasure><QtyInPackage>לא ידוע</QtyInPackage><UnitOfMeasurePrice>0.0199</UnitOfMeasurePrice><AllowDiscount>1</AllowDiscount><ItemStatus>1</ItemStatus><ItemPrice>15.90</ItemPrice></item><item><PriceUpdateDate>2016-05-01 12:04:54</PriceUpdateDate><ItemCode>7290000104768</ItemCode><ItemType>1</ItemType><ItemName>תרד עלים 800 גרם</ItemName><ManufacturerName>סנפרוסט</ManufacturerName><ManufactureCountry>ישראל</ManufactureCountry><ManufacturerItemDescription>תרד עלים 800 גרם</ManufacturerItemDescription><SoldByWeight/><Quantity>800.00</Quantity><UnitOfMeasure>גרם     </UnitOfMeasure><QtyInPackage>לא ידוע</QtyInPackage><UnitOfMeasurePrice>0.0311</UnitOfMeasurePrice><AllowDiscount>1</AllowDiscount><ItemStatus>1</ItemStatus><ItemPrice>24.90</ItemPrice></item><item><PriceUpdateDate>2016-05-01 12:04:54</PriceUpdateDate><ItemCode>7290000104799</ItemCode><ItemType>1</ItemType><ItemName>שעועית לבנה מבושלת 8</ItemName><ManufacturerName>סנפרוסט</ManufacturerName><ManufactureCountry>ישראל</ManufactureCountry><ManufacturerItemDescription>שעועית לבנה מבושלת קפואה8</ManufacturerItemDescription><SoldByWeight/><Quantity>800.00</Quantity><UnitOfMeasure>גרם     </UnitOfMeasure><QtyInPackage>לא ידוע</QtyInPackage><UnitOfMeasurePrice>0.0269</UnitOfMeasurePrice><AllowDiscount>1</AllowDiscount><ItemStatus>1</ItemStatus><ItemPrice>21.50</ItemPrice></item><item><PriceUpdateDate>2016-05-01 12:04:54</PriceUpdateDate><ItemCode>7290000104805</ItemCode><ItemType>1</ItemType><ItemName>גרגרי חומוס מבושלים</ItemName><ManufacturerName>סנפרוסט</ManufacturerName><ManufactureCountry>ישראל</ManufactureCountry><ManufacturerItemDescription>גרגרי חומוס מבושלים קפואי</ManufacturerItemDescription><SoldByWeight/><Quantity>800.00</Quantity><UnitOfMeasure>גרם     </UnitOfMeasure><QtyInPackage>לא ידוע</QtyInPackage><UnitOfMeasurePrice>0.0283</UnitOfMeasurePrice><AllowDiscount>0</AllowDiscount><ItemStatus>1</ItemStatus><ItemPrice>22.60</ItemPrice></item><item><PriceUpdateDate>2016-05-01 10:23:27</PriceUpdateDate><ItemCode>7290000104829</ItemCode><ItemType>1</ItemType><ItemName>מב קלחוני תירס 1 ק"ג</ItemName><ManufacturerName>סנפרוסט</ManufacturerName><ManufactureCountry>ישראל</ManufactureCountry><ManufacturerItemDescription>קלחוני תירס 1 קג</ManufacturerItemDescription><SoldByWeight/><Quantity>700.00</Quantity><UnitOfMeasure>גרם     </UnitOfMeasure><QtyInPackage>לא ידוע</QtyInPackage><UnitOfMeasurePrice>0.0199</UnitOfMeasurePrice><AllowDiscount>1</AllowDiscount><ItemStatus>1</ItemStatus><ItemPrice>13.90</ItemPrice></item><item><PriceUpdateDate>2016-05-01 12:04:54</PriceUpdateDate><ItemCode>7290000104836</ItemCode><ItemType>1</ItemType><ItemName>שעועית עדינה שלמה סנ</ItemName><ManufacturerName>סנפרוסט</ManufacturerName><ManufactureCountry>ישראל</ManufactureCountry><ManufacturerItemDescription>שעועית עדינה שלמה 600 גרם</ManufacturerItemDescription><SoldByWeight/><Quantity>600.00</Quantity><UnitOfMeasure>גרם     </UnitOfMeasure><QtyInPackage>לא ידוע</QtyInPackage><UnitOfMeasurePrice>0.0390</UnitOfMeasurePrice><AllowDiscount>1</AllowDiscount><ItemStatus>1</ItemStatus><ItemPrice>23.40</ItemPrice></item><item><PriceUpdateDate>2016-03-29 07:28:25</PriceUpdateDate><ItemCode>7290000104874</ItemCode><ItemType>1</ItemType><ItemName>מב לקט לקוסקוס 800 ג</ItemName><ManufacturerName>סנפרוסט</ManufacturerName><ManufactureCountry>ישראל</ManufactureCountry><ManufacturerItemDescription>לקט לקוסקוס</ManufacturerItemDescription><SoldByWeight/><Quantity>800.00</Quantity><UnitOfMeasure>גרם     </UnitOfMeasure><QtyInPackage>לא ידוע</QtyInPackage><UnitOfMeasurePrice>0.0186</UnitOfMeasurePrice><AllowDiscount>1</AllowDiscount><ItemStatus>1</ItemStatus><ItemPrice>14.90</ItemPrice></item><item><PriceUpdateDate>2016-05-01 10:23:27</PriceUpdateDate><ItemCode>7290000104881</ItemCode><ItemType>1</ItemType><ItemName>מב אפונה וגזר 800 גר</ItemName><ManufacturerName>סנפרוסט</ManufacturerName><ManufactureCountry>ישראל</ManufactureCountry><ManufacturerItemDescription>אפונה וגזר800 גר</ManufacturerItemDescription><SoldByWeight/><Quantity>800.00</Quantity><UnitOfMeasure>גרם     </UnitOfMeasure><QtyInPackage>לא ידוע</QtyInPackage><UnitOfMeasurePrice>0.0174</UnitOfMeasurePrice><AllowDiscount>1</AllowDiscount><ItemStatus>1</ItemStatus><ItemPrice>13.90</ItemPrice></item><item><PriceUpdateDate>2016-03-29 07:28:25</PriceUpdateDate><ItemCode>7290000104904</ItemCode><ItemType>1</ItemType><ItemName>מב לקט ירקות מעורבים</ItemName><ManufacturerName>סנפרוסט</ManufacturerName><ManufactureCountry>ישראל</ManufactureCountry><ManufacturerItemDescription>מב לקט ירקות מעורבים</ManufacturerItemDescription><SoldByWeight/><Quantity>800.00</Quantity><UnitOfMeasure>גרם     </UnitOfMeasure><QtyInPackage>לא ידוע</QtyInPackage><UnitOfMeasurePrice>0.0186</UnitOfMeasurePrice><AllowDiscount>1</AllowDiscount><ItemStatus>1</ItemStatus><ItemPrice>14.90</ItemPrice></item><item><PriceUpdateDate>2016-05-01 12:04:55</PriceUpdateDate><ItemCode>7290000107189</ItemCode><ItemType>1</ItemType><ItemName>תחתיות ארטישוק 400 ג</ItemName><ManufacturerName>סנפרוסט</ManufacturerName><ManufactureCountry>ישראל</ManufactureCountry><ManufacturerItemDescription>תחתיות ארטישוק 400 גר</ManufacturerItemDescription><SoldByWeight/><Quantity>400.00</Quantity><UnitOfMeasure>גרם     </UnitOfMeasure><QtyInPackage>לא ידוע</QtyInPackage><UnitOfMeasurePrice>0.0628</UnitOfMeasurePrice><AllowDiscount>1</AllowDiscount><ItemStatus>1</ItemStatus><ItemPrice>25.10</ItemPrice></item><item><PriceUpdateDate>2016-05-01 12:04:55</PriceUpdateDate><ItemCode>7290000107295</ItemCode><ItemType>1</ItemType><ItemName>תפרחת ברוקולי סנפרוס</ItemName><ManufacturerName>סנפרוסט</ManufacturerName><ManufactureCountry>ישראל</ManufactureCountry><ManufacturerItemDescription>תפרחות ברוקולי 800 גר</ManufacturerItemDescription><SoldByWeight/><Quantity>800.00</Quantity><UnitOfMeasure>גרם     </UnitOfMeasure><QtyInPackage>לא ידוע</QtyInPackage><UnitOfMeasurePrice>0.0355</UnitOfMeasurePrice><AllowDiscount>1</AllowDiscount><ItemStatus>1</ItemStatus><ItemPrice>28.40</ItemPrice></item><item><PriceUpdateDate>2016-03-29 07:28:25</PriceUpdateDate><ItemCode>7290000107677</ItemCode><ItemType>1</ItemType><ItemName>מב שעועית צהובה עדינ</ItemName><ManufacturerName>סנפרוסט</ManufacturerName><ManufactureCountry>ישראל</ManufactureCountry><ManufacturerItemDescription>מב שעועית צהובה עדינ</ManufacturerItemDescription><SoldByWeight/><Quantity>600.00</Quantity><UnitOfMeasure>גרם     </UnitOfMeasure><QtyInPackage>לא ידוע</QtyInPackage><UnitOfMeasurePrice>0.0248</UnitOfMeasurePrice><AllowDiscount>1</AllowDiscount><ItemStatus>1</ItemStatus><ItemPrice>14.90</ItemPrice></item><item><PriceUpdateDate>2015-10-13 11:27:34</PriceUpdateDate><ItemCode>7290000110059</ItemCode><ItemType>1</ItemType><ItemName>מרגרינה בלו בנד בלי</ItemName><ManufacturerName>בלובנד</ManufacturerName><ManufactureCountry>ישראל</ManufactureCountry><ManufacturerItemDescription>מרגרינה בלו בנד בלי</ManufacturerItemDescription><SoldByWeight/><Quantity>200.00</Quantity><UnitOfMeasure>מ"ל</UnitOfMeasure><QtyInPackage>לא ידוע</QtyInPackage><UnitOfMeasurePrice>0.0250</UnitOfMeasurePrice><AllowDiscount>1</AllowDiscount><ItemStatus>1</ItemStatus><ItemPrice>5.00</ItemPrice></item><item><PriceUpdateDate>2015-10-13 11:27:34</PriceUpdateDate><ItemCode>7290000110073</ItemCode><ItemType>1</ItemType><ItemName>מרגרינה בטעם חמאה 20</ItemName><ManufacturerName>בלובנד</ManufacturerName><ManufactureCountry>ישראל</ManufactureCountry><ManufacturerItemDescription>מרגרינה בטעם חמאה 20</ManufacturerItemDescription><SoldByWeight/><Quantity>200.00</Quantity><UnitOfMeasure>מ"ל</UnitOfMeasure><QtyInPackage>לא ידוע</QtyInPackage><UnitOfMeasurePrice>0.0270</UnitOfMeasurePrice><AllowDiscount>1</AllowDiscount><ItemStatus>1</ItemStatus><ItemPrice>5.40</ItemPrice></item><item><PriceUpdateDate>2016-03-16 14:01:01</PriceUpdateDate><ItemCode>7290000111117</ItemCode><ItemType>1</ItemType><ItemName>מרכך כביסה בדין לבן</ItemName><ManufacturerName>בדין</ManufacturerName><ManufactureCountry>ישראל</ManufactureCountry><ManufacturerItemDescription>מרכך כביסה בדין לבן</ManufacturerItemDescription><SoldByWeight/><Quantity>4000.00</Quantity><UnitOfMeasure>מ"ל</UnitOfMeasure><QtyInPackage>לא ידוע</QtyInPackage><UnitOfMeasurePrice>0.0057</UnitOfMeasurePrice><AllowDiscount>1</AllowDiscount><ItemStatus>1</ItemStatus><ItemPrice>22.90</ItemPrice></item><item><PriceUpdateDate>2015-09-30 23:47:43</PriceUpdateDate><ItemCode>7290000111186</ItemCode><ItemType>1</ItemType><ItemName>מיונז אמיתי תלמה 500</ItemName><ManufacturerName>תלמה</ManufacturerName><ManufactureCountry>ישראל</ManufactureCountry><ManufacturerItemDescription>מיונז אמיתי תלמה 500</ManufacturerItemDescription><SoldByWeight/><Quantity>500.00</Quantity><UnitOfMeasure>גרם     </UnitOfMeasure><QtyInPackage>לא ידוע</QtyInPackage><UnitOfMeasurePrice>0.0196</UnitOfMeasurePrice><AllowDiscount>1</AllowDiscount><ItemStatus>1</ItemStatus><ItemPrice>9.80</ItemPrice></item><item><PriceUpdateDate>2016-03-16 14:00:28</PriceUpdateDate><ItemCode>7290000111353</ItemCode><ItemType>1</ItemType><ItemName>מיונז 1 ק'ג</ItemName><ManufacturerName>תלמה</ManufacturerName><ManufactureCountry>ישראל</ManufactureCountry><ManufacturerItemDescription>מיונז 1 ק'ג</ManufacturerItemDescription><SoldByWeight/><Quantity>1000.00</Quantity><UnitOfMeasure>גרם     </UnitOfMeasure><QtyInPackage>לא ידוע</QtyInPackage><UnitOfMeasurePrice>0.0189</UnitOfMeasurePrice><AllowDiscount>1</AllowDiscount><ItemStatus>1</ItemStatus><ItemPrice>18.90</ItemPrice></item><item><PriceUpdateDate>2015-11-15 20:34:57</PriceUpdateDate><ItemCode>7290000111360</ItemCode><ItemType>1</ItemType><ItemName>חרדל אמיתי 250 גרם</ItemName><ManufacturerName>תלמה</ManufacturerName><ManufactureCountry>ישראל</ManufactureCountry><ManufacturerItemDescription>חרדל אמיתי 250 גרם</ManufacturerItemDescription><SoldByWeight/><Quantity>250.00</Quantity><UnitOfMeasure>גרם     </UnitOfMeasure><QtyInPackage>לא ידוע</QtyInPackage><UnitOfMeasurePrice>0.0348</UnitOfMeasurePrice><AllowDiscount>1</AllowDiscount><ItemStatus>1</ItemStatus><ItemPrice>8.70</ItemPrice></item><item><PriceUpdateDate>2016-05-01 12:04:56</PriceUpdateDate><ItemCode>7290000112220</ItemCode><ItemType>1</ItemType><ItemName>טחינה בארכה 500 גרם</ItemName><ManufacturerName>בארכה</ManufacturerName><ManufactureCountry>ישראל</ManufactureCountry><ManufacturerItemDescription>טחינה קלאסית 500 גרם</ManufacturerItemDescription><SoldByWeight/><Quantity>500.00</Quantity><UnitOfMeasure>גרם     </UnitOfMeasure><QtyInPackage>לא ידוע</QtyInPackage><UnitOfMeasurePrice>0.0338</UnitOfMeasurePrice><AllowDiscount>1</AllowDiscount><ItemStatus>1</ItemStatus><ItemPrice>16.90</ItemPrice></item><item><PriceUpdateDate>2016-05-01 12:04:56</PriceUpdateDate><ItemCode>7290000112619</ItemCode><ItemType>1</ItemType><ItemName>קנור מרק עוף 400 גרם</ItemName><ManufacturerName>קנור</ManufacturerName><ManufactureCountry>ישראל</ManufactureCountry><ManufacturerItemDescription>מרק עוף אמיתי 400 גרם קופ</ManufacturerItemDescription><SoldByWeight/><Quantity>400.00</Quantity><UnitOfMeasure>גרם     </UnitOfMeasure><QtyInPackage>לא ידוע</QtyInPackage><UnitOfMeasurePrice>0.0547</UnitOfMeasurePrice><AllowDiscount>1</AllowDiscount><ItemStatus>1</ItemStatus><ItemPrice>21.90</ItemPrice></item><item><PriceUpdateDate>2016-05-01 12:04:58</PriceUpdateDate><ItemCode>7290000118352</ItemCode><ItemType>1</ItemType><ItemName>לטקס 4 שקיות 85 גרם</ItemName><ManufacturerName>תלמה</ManufacturerName><ManufactureCountry>ישראל</ManufactureCountry><ManufacturerItemDescription>לביבות לטקס 170 גרם כשלפ</ManufacturerItemDescription><SoldByWeight/><Quantity>170.00</Quantity><UnitOfMeasure>גרם     </UnitOfMeasure><QtyInPackage>לא ידוע</QtyInPackage><UnitOfMeasurePrice>0.0871</UnitOfMeasurePrice><AllowDiscount>1</AllowDiscount><ItemStatus>1</ItemStatus><ItemPrice>14.80</ItemPrice></item><item><PriceUpdateDate>2016-03-01 06:44:10</PriceUpdateDate><ItemCode>7290000121031</ItemCode><ItemType>1</ItemType><ItemName>גבינת החתול המחייך 1</ItemName><ManufacturerName>מון בלאן</ManufacturerName><ManufactureCountry>ישראל</ManufactureCountry><ManufacturerItemDescription>גבינת החתול המחייך 1</ManufacturerItemDescription><SoldByWeight/><Quantity>120.00</Quantity><UnitOfMeasure>גרם     </UnitOfMeasure><QtyInPackage>לא ידוע</QtyInPackage><UnitOfMeasurePrice>0.1033</UnitOfMeasurePrice><AllowDiscount>1</AllowDiscount><ItemStatus>1</ItemStatus><ItemPrice>12.40</ItemPrice></item><item><PriceUpdateDate>2016-03-01 06:44:10</PriceUpdateDate><ItemCode>7290000121055</ItemCode><ItemType>1</ItemType><ItemName>גבינת טעם טוב 100 גר</ItemName><ManufacturerName>מון בלאן</ManufacturerName><ManufactureCountry>ישראל</ManufactureCountry><ManufacturerItemDescription>גבינה טעם טוב 100 גר</ManufacturerItemDescription><SoldByWeight/><Quantity>100.00</Quantity><UnitOfMeasure>גרם     </UnitOfMeasure><QtyInPackage>לא ידוע</QtyInPackage><UnitOfMeasurePrice>0.1010</UnitOfMeasurePrice><AllowDiscount>1</AllowDiscount><ItemStatus>1</ItemStatus><ItemPrice>10.10</ItemPrice></item><item><PriceUpdateDate>2016-03-01 06:44:10</PriceUpdateDate><ItemCode>7290000121093</ItemCode><ItemType>1</ItemType><ItemName>גבינה מון בלאן טעם ש</ItemName><ManufacturerName>מון בלאן</ManufacturerName><ManufactureCountry>ישראל</ManufactureCountry><ManufacturerItemDescription>גבינה מותכת7%שומן-שוויצרי</ManufacturerItemDescription><SoldByWeight/><Quantity>120.00</Quantity><UnitOfMeasure>גרם     </UnitOfMeasure><QtyInPackage>לא ידוע</QtyInPackage><UnitOfMeasurePrice>0.1033</UnitOfMeasurePrice><AllowDiscount>1</AllowDiscount><ItemStatus>1</ItemStatus><ItemPrice>12.40</ItemPrice></item><item><PriceUpdateDate>2016-03-01 06:44:10</PriceUpdateDate><ItemCode>7290000121109</ItemCode><ItemType>1</ItemType><ItemName>גבינה מון בלאן עם זי</ItemName><ManufacturerName>מון בלאן</ManufacturerName><ManufactureCountry>ישראל</ManufactureCountry><ManufacturerItemDescription>גבינה מותכת7%שומן עם זית</ManufacturerItemDescription><SoldByWeight/><Quantity>120.00</Quantity><UnitOfMeasure>גרם     </UnitOfMeasure><QtyInPackage>לא ידוע</QtyInPackage><UnitOfMeasurePrice>0.1075</UnitOfMeasurePrice><AllowDiscount>1</AllowDiscount><ItemStatus>1</ItemStatus><ItemPrice>12.90</ItemPrice></item><item><PriceUpdateDate>2015-11-15 20:34:57</PriceUpdateDate><ItemCode>7290000121239</ItemCode><ItemType>1</ItemType><ItemName>מיוקל 5% שומן 500 גר</ItemName><ManufacturerName>מיוקל</ManufacturerName><ManufactureCountry>ישראל</ManufactureCountry><ManufacturerItemDescription>מיוקל 5% שומן 500 גר</ManufacturerItemDescription><SoldByWeight/><Quantity>500.00</Quantity><UnitOfMeasure>גרם     </UnitOfMeasure><QtyInPackage>לא ידוע</QtyInPackage><UnitOfMeasurePrice>0.0300</UnitOfMeasurePrice><AllowDiscount>1</AllowDiscount><ItemStatus>1</ItemStatus><ItemPrice>15.00</ItemPrice></item><item><PriceUpdateDate>2016-05-01 12:04:59</PriceUpdateDate><ItemCode>7290000121369</ItemCode><ItemType>1</ItemType><ItemName>קונפיטורה 778 תות שד</ItemName><ManufacturerName>778</ManufacturerName><ManufactureCountry>ישראל</ManufactureCountry><ManufacturerItemDescription>קונפיטורה 778 תות שד</ManufacturerItemDescription><SoldByWeight/><Quantity>285.00</Quantity><UnitOfMeasure>גרם     </UnitOfMeasure><QtyInPackage>לא ידוע</QtyInPackage><UnitOfMeasurePrice>0.0568</UnitOfMeasurePrice><AllowDiscount>1</AllowDiscount><ItemStatus>1</ItemStatus><ItemPrice>16.20</ItemPrice></item><item><PriceUpdateDate>2016-05-01 12:04:59</PriceUpdateDate><ItemCode>7290000121376</ItemCode><ItemType>1</ItemType><ItemName>קונפיטורה 778 אוכמני</ItemName><ManufacturerName>778</ManufacturerName><ManufactureCountry>ישראל</ManufactureCountry><ManufacturerItemDescription>קונפיטורה 778 אוכמני</ManufacturerItemDescription><SoldByWeight/><Quantity>285.00</Quantity><UnitOfMeasure>גרם     </UnitOfMeasure><QtyInPackage>לא ידוע</QtyInPackage><UnitOfMeasurePrice>0.0568</UnitOfMeasurePrice><AllowDiscount>1</AllowDiscount><ItemStatus>1</ItemStatus><ItemPrice>16.20</ItemPrice></item><item><PriceUpdateDate>2015-11-02 17:19:47</PriceUpdateDate><ItemCode>7290000122700</ItemCode><ItemType>1</ItemType><ItemName>סירופ אפיכל מייפל 60</ItemName><ManufacturerName>אפיכל</ManufacturerName><ManufactureCountry>ישראל</ManufactureCountry><ManufacturerItemDescription>סירופ אפיכל מייפל 60</ManufacturerItemDescription><SoldByWeight/><Quantity>600.00</Quantity><UnitOfMeasure>מ"ל</UnitOfMeasure><QtyInPackage>לא ידוע</QtyInPackage><UnitOfMeasurePrice>0.0320</UnitOfMeasurePrice><AllowDiscount>1</AllowDiscount><ItemStatus>1</ItemStatus><ItemPrice>19.20</ItemPrice></item><item><PriceUpdateDate>2015-10-22 08:36:34</PriceUpdateDate><ItemCode>7290000123158</ItemCode><ItemType>1</ItemType><ItemName>מרגרינה מזולה 250גרם</ItemName><ManufacturerName>מזולה</ManufacturerName><ManufactureCountry>ישראל</ManufactureCountry><ManufacturerItemDescription>מרגרינה מזולה 250גרם</ManufacturerItemDescription><SoldByWeight/><Quantity>250.00</Quantity><UnitOfMeasure>גרם     </UnitOfMeasure><QtyInPackage>לא ידוע</QtyInPackage><UnitOfMeasurePrice>0.0448</UnitOfMeasurePrice><AllowDiscount>1</AllowDiscount><ItemStatus>1</ItemStatus><ItemPrice>11.20</ItemPrice></item><item><PriceUpdateDate>2015-10-22 08:36:34</PriceUpdateDate><ItemCode>7290000123172</ItemCode><ItemType>1</ItemType><ItemName>מרגרינה מזולה 250 גר</ItemName><ManufacturerName>מזולה</ManufacturerName><ManufactureCountry>ישראל</ManufactureCountry><ManufacturerItemDescription>מרגרינה מזולה 250 גר</ManufacturerItemDescription><SoldByWeight/><Quantity>250.00</Quantity><UnitOfMeasure>גרם     </UnitOfMeasure><QtyInPackage>לא ידוע</QtyInPackage><UnitOfMeasurePrice>0.0412</UnitOfMeasurePrice><AllowDiscount>1</AllowDiscount><ItemStatus>1</ItemStatus><ItemPrice>10.30</ItemPrice></item><item><PriceUpdateDate>2015-11-13 10:56:47</PriceUpdateDate><ItemCode>7290000123257</ItemCode><ItemType>1</ItemType><ItemName>מרגרינה מזולה עם שמן</ItemName><ManufacturerName>מזולה</ManufacturerName><ManufactureCountry>ישראל</ManufactureCountry><ManufacturerItemDescription>מרגרינה מזולה עם שמן</ManufacturerItemDescription><SoldByWeight/><Quantity>250.00</Quantity><UnitOfMeasure>מ"ל</UnitOfMeasure><QtyInPackage>לא ידוע</QtyInPackage><UnitOfMeasurePrice>0.0448</UnitOfMeasurePrice><AllowDiscount>1</AllowDiscount><ItemStatus>1</ItemStatus><ItemPrice>11.20</ItemPrice></item><item><PriceUpdateDate>2015-11-15 20:34:58</PriceUpdateDate><ItemCode>7290000125251</ItemCode><ItemType>1</ItemType><ItemName>שמפו כביסה בדיו 2 לי</ItemName><ManufacturerName>קלין-סיף</ManufacturerName><ManufactureCountry>ישראל</ManufactureCountry><ManufacturerItemDescription>שמפו כביסה בדיו 2 לי</ManufacturerItemDescription><SoldByWeight/><Quantity>2000.00</Quantity><UnitOfMeasure>מ"ל</UnitOfMeasure><QtyInPackage>לא ידוע</QtyInPackage><UnitOfMeasurePrice>0.0140</UnitOfMeasurePrice><AllowDiscount>1</AllowDiscount><ItemStatus>1</ItemStatus><ItemPrice>28.00</ItemPrice></item><item><PriceUpdateDate>2016-05-01 12:04:59</PriceUpdateDate><ItemCode>7290000127170</ItemCode><ItemType>1</ItemType><ItemName>קונפיטור 778 דובדבן</ItemName><ManufacturerName>778</ManufacturerName><ManufactureCountry>ישראל</ManufactureCountry><ManufacturerItemDescription>קונפיטור 778 דובדבן</ManufacturerItemDescription><SoldByWeight/><Quantity>330.00</Quantity><UnitOfMeasure>גרם     </UnitOfMeasure><QtyInPackage>לא ידוע</QtyInPackage><UnitOfMeasurePrice>0.0491</UnitOfMeasurePrice><AllowDiscount>1</AllowDiscount><ItemStatus>1</ItemStatus><ItemPrice>16.20</ItemPrice></item><item><PriceUpdateDate>2016-05-01 12:04:59</PriceUpdateDate><ItemCode>7290000127194</ItemCode><ItemType>1</ItemType><ItemName>קונפיטור 778 משמש 33</ItemName><ManufacturerName>778</ManufacturerName><ManufactureCountry>ישראל</ManufactureCountry><ManufacturerItemDescription>קונפיטור 778 משמש 33</ManufacturerItemDescription><SoldByWeight/><Quantity>330.00</Quantity><UnitOfMeasure>גרם     </UnitOfMeasure><QtyInPackage>לא ידוע</QtyInPackage><UnitOfMeasurePrice>0.0491</UnitOfMeasurePrice><AllowDiscount>1</AllowDiscount><ItemStatus>1</ItemStatus><ItemPrice>16.20</ItemPrice></item><item><PriceUpdateDate>2016-05-01 12:05:00</PriceUpdateDate><ItemCode>7290000127224</ItemCode><ItemType>1</ItemType><ItemName>קונפיטור 778 תות שדה</ItemName><ManufacturerName>778</ManufacturerName><ManufactureCountry>ישראל</ManufactureCountry><ManufacturerItemDescription>קונפיטור 778 תות שדה</ManufacturerItemDescription><SoldByWeight/><Quantity>330.00</Quantity><UnitOfMeasure>גרם     </UnitOfMeasure><QtyInPackage>לא ידוע</QtyInPackage><UnitOfMeasurePrice>0.0491</UnitOfMeasurePrice><AllowDiscount>1</AllowDiscount><ItemStatus>1</ItemStatus><ItemPrice>16.20</ItemPrice></item><item><PriceUpdateDate>2014-12-01 06:28:24</PriceUpdateDate><ItemCode>7290000134338</ItemCode><ItemType>1</ItemType><ItemName>אבקת שום 90 גרם</ItemName><ManufacturerName>תבליני טעם וריח</ManufacturerName><ManufactureCountry>ישראל</ManufactureCountry><ManufacturerItemDescription>אבקת שום 90 גרם</ManufacturerItemDescription><SoldByWeight/><Quantity>14.00</Quantity><UnitOfMeasure>גרם     </UnitOfMeasure><QtyInPackage>לא ידוע</QtyInPackage><UnitOfMeasurePrice>0.8214</UnitOfMeasurePrice><AllowDiscount>1</AllowDiscount><ItemStatus>1</ItemStatus><ItemPrice>11.50</ItemPrice></item><item><PriceUpdateDate>2015-11-02 17:19:47</PriceUpdateDate><ItemCode>7290000134352</ItemCode><ItemType>1</ItemType><ItemName>קינמון טחון 80 גרם</ItemName><ManufacturerName>טעם וריח</ManufacturerName><ManufactureCountry>ישראל</ManufactureCountry><ManufacturerItemDescription>קינמון טחון 80 גרם</ManufacturerItemDescription><SoldByWeight/><Quantity>14.00</Quantity><UnitOfMeasure>גרם     </UnitOfMeasure><QtyInPackage>לא ידוע</QtyInPackage><UnitOfMeasurePrice>0.8714</UnitOfMeasurePrice><AllowDiscount>1</AllowDiscount><ItemStatus>1</ItemStatus><ItemPrice>12.20</ItemPrice></item><item><PriceUpdateDate>2015-11-02 17:19:47</PriceUpdateDate><ItemCode>7290000134376</ItemCode><ItemType>1</ItemType><ItemName>פפריקה מתוקה בשמן</ItemName><ManufacturerName>תבליני טעם וריח</ManufacturerName><ManufactureCountry>ישראל</ManufactureCountry><ManufacturerItemDescription>פפריקה מתוקה בשמן</ManufacturerItemDescription><SoldByWeight/><Quantity>100.00</Quantity><UnitOfMeasure>גרם     </UnitOfMeasure><QtyInPackage>לא ידוע</QtyInPackage><UnitOfMeasurePrice>0.1220</UnitOfMeasurePrice><AllowDiscount>1</AllowDiscount><ItemStatus>1</ItemStatus><ItemPrice>12.20</ItemPrice></item><item><PriceUpdateDate>2015-10-14 10:32:17</PriceUpdateDate><ItemCode>7290000134680</ItemCode><ItemType>1</ItemType><ItemName>קימל שלם 40 גרם</ItemName><ManufacturerName>לא ידוע</ManufacturerName><ManufactureCountry>ישראל</ManufactureCountry><ManufacturerItemDescription>קימל שלם 40 גרם</ManufacturerItemDescription><SoldByWeight/><Quantity>14.00</Quantity><UnitOfMeasure>גרם     </UnitOfMeasure><QtyInPackage>לא ידוע</QtyInPackage><UnitOfMeasurePrice>0.5286</UnitOfMeasurePrice><AllowDiscount>1</AllowDiscount><ItemStatus>1</ItemStatus><ItemPrice>7.40</ItemPrice></item><item><PriceUpdateDate>2015-11-02 17:19:47</PriceUpdateDate><ItemCode>7290000134758</ItemCode><ItemType>1</ItemType><ItemName>תבליו תיבול לתפו"א מ</ItemName><ManufacturerName>טעם וריח</ManufacturerName><ManufactureCountry>ישראל</ManufactureCountry><ManufacturerItemDescription>תבליו תיבול לתפו"א מ</ManufacturerItemDescription><SoldByWeight/><Quantity>100.00</Quantity><UnitOfMeasure>גרם     </UnitOfMeasure><QtyInPackage>לא ידוע</QtyInPackage><UnitOfMeasurePrice>0.1220</UnitOfMeasurePrice><AllowDiscount>1</AllowDiscount><ItemStatus>1</ItemStatus><ItemPrice>12.20</ItemPrice></item><item><PriceUpdateDate>2015-11-15 20:34:58</PriceUpdateDate><ItemCode>7290000134833</ItemCode><ItemType>1</ItemType><ItemName>כמון 100 גרם</ItemName><ManufacturerName>תבליני טעם וריח</ManufacturerName><ManufactureCountry>ישראל</ManufactureCountry><ManufacturerItemDescription>כמון 100 גרם</ManufacturerItemDescription><SoldByWeight/><Quantity>100.00</Quantity><UnitOfMeasure>גרם     </UnitOfMeasure><QtyInPackage>לא ידוע</QtyInPackage><UnitOfMeasurePrice>0.1180</UnitOfMeasurePrice><AllowDiscount>1</AllowDiscount><ItemStatus>1</ItemStatus><ItemPrice>11.80</ItemPrice></item><item><PriceUpdateDate>2015-11-15 20:34:58</PriceUpdateDate><ItemCode>7290000134840</ItemCode><ItemType>1</ItemType><ItemName>כורכום 100 גרם</ItemName><ManufacturerName>תבליני טעם וריח</ManufacturerName><ManufactureCountry>ישראל</ManufactureCountry><ManufacturerItemDescription>כורכום 100 גרם</ManufacturerItemDescription><SoldByWeight/><Quantity>100.00</Quantity><UnitOfMeasure>גרם     </UnitOfMeasure><QtyInPackage>לא ידוע</QtyInPackage><UnitOfMeasurePrice>0.1230</UnitOfMeasurePrice><AllowDiscount>1</AllowDiscount><ItemStatus>1</ItemStatus><ItemPrice>12.30</ItemPrice></item><item><PriceUpdateDate>2015-11-15 20:34:58</PriceUpdateDate><ItemCode>7290000134871</ItemCode><ItemType>1</ItemType><ItemName>פלפל שחור 100 גרם</ItemName><ManufacturerName>טעם וריח</ManufacturerName><ManufactureCountry>ישראל</ManufactureCountry><ManufacturerItemDescription>פלפל שחור טחון 100 גר מיכ</ManufacturerItemDescription><SoldByWeight/><Quantity>100.00</Quantity><UnitOfMeasure>גרם     </UnitOfMeasure><QtyInPackage>לא ידוע</QtyInPackage><UnitOfMeasurePrice>0.1810</UnitOfMeasurePrice><AllowDiscount>1</AllowDiscount><ItemStatus>1</ItemStatus><ItemPrice>18.10</ItemPrice></item><item><PriceUpdateDate>2016-03-01 07:13:12</PriceUpdateDate><ItemCode>7290000136738</ItemCode><ItemType>1</ItemType><ItemName>משקה ג'אמפ אשכוליות</ItemName><ManufacturerName>גאמפ</ManufacturerName><ManufactureCountry>ישראל</ManufactureCountry><ManufacturerItemDescription>משקל גאמפ אשכוליות 1.5 ל</ManufacturerItemDescription><SoldByWeight/><Quantity>1500.00</Quantity><UnitOfMeasure>מ"ל</UnitOfMeasure><QtyInPackage>לא ידוע</QtyInPackage><UnitOfMeasurePrice>0.0046</UnitOfMeasurePrice><AllowDiscount>1</AllowDiscount><ItemStatus>1</ItemStatus><ItemPrice>6.90</ItemPrice></item><item><PriceUpdateDate>2016-03-16 14:00:28</PriceUpdateDate><ItemCode>7290000143187</ItemCode><ItemType>1</ItemType><ItemName>שמפו הוואי לגבר 700</ItemName><ManufacturerName>הוואי</ManufacturerName><ManufactureCountry>ישראל</ManufactureCountry><ManufacturerItemDescription>הוואי שמפו לגבר 700 מל</ManufacturerItemDescription><SoldByWeight/><Quantity>700.00</Quantity><UnitOfMeasure>מ"ל</UnitOfMeasure><QtyInPackage>לא ידוע</QtyInPackage><UnitOfMeasurePrice>0.0141</UnitOfMeasurePrice><AllowDiscount>0</AllowDiscount><ItemStatus>1</ItemStatus><ItemPrice>9.90</ItemPrice></item><item><PriceUpdateDate>2016-03-16 14:00:28</PriceUpdateDate><ItemCode>7290000143279</ItemCode><ItemType>1</ItemType><ItemName>שמפו הוואי למניעת קש</ItemName><ManufacturerName>הוואי</ManufacturerName><ManufactureCountry>ישראל</ManufactureCountry><ManufacturerItemDescription>הוואי שמפו למניעת קשקשים7</ManufacturerItemDescription><SoldByWeight/><Quantity>700.00</Quantity><UnitOfMeasure>מ"ל</UnitOfMeasure><QtyInPackage>לא ידוע</QtyInPackage><UnitOfMeasurePrice>0.0141</UnitOfMeasurePrice><AllowDiscount>0</AllowDiscount><ItemStatus>1</ItemStatus><ItemPrice>9.90</ItemPrice></item><item><PriceUpdateDate>2016-03-16 14:01:01</PriceUpdateDate><ItemCode>7290000144467</ItemCode><ItemType>1</ItemType><ItemName>שמן בריאות חמניות 1</ItemName><ManufacturerName>עץ הזית</ManufacturerName><ManufactureCountry>ישראל</ManufactureCountry><ManufacturerItemDescription>שמן חמניות בריאות 1 ליטר</ManufacturerItemDescription><SoldByWeight/><Quantity>1000.00</Quantity><UnitOfMeasure>מ"ל</UnitOfMeasure><QtyInPackage>לא ידוע</QtyInPackage><UnitOfMeasurePrice>0.0169</UnitOfMeasurePrice><AllowDiscount>1</AllowDiscount><ItemStatus>1</ItemStatus><ItemPrice>16.90</ItemPrice></item><item><PriceUpdateDate>2016-02-02 05:50:39</PriceUpdateDate><ItemCode>7290000144474</ItemCode><ItemType>1</ItemType><ItemName>שמן בריאות קנולה 1 ל</ItemName><ManufacturerName>עץ הזית</ManufacturerName><ManufactureCountry>ישראל</ManufactureCountry><ManufacturerItemDescription>שמן קנולה בריאות 1 ליטר</ManufacturerItemDescription><SoldByWeight/><Quantity>1000.00</Quantity><UnitOfMeasure>מ"ל</UnitOfMeasure><QtyInPackage>לא ידוע</QtyInPackage><UnitOfMeasurePrice>0.0159</UnitOfMeasurePrice><AllowDiscount>1</AllowDiscount><ItemStatus>1</ItemStatus><ItemPrice>15.90</ItemPrice></item><item><PriceUpdateDate>2016-05-01 10:23:36</PriceUpdateDate><ItemCode>7290000144825</ItemCode><ItemType>1</ItemType><ItemName>מב שמן קנולה פלוס או</ItemName><ManufacturerName>עץ הזית</ManufacturerName><ManufactureCountry>ישראל</ManufactureCountry><ManufacturerItemDescription>מב שמן קנולה פלוס או</ManufacturerItemDescription><SoldByWeight/><Quantity>1000.00</Quantity><UnitOfMeasure>מ"ל</UnitOfMeasure><QtyInPackage>לא ידוע</QtyInPackage><UnitOfMeasurePrice>0.0149</UnitOfMeasurePrice><AllowDiscount>1</AllowDiscount><ItemStatus>1</ItemStatus><ItemPrice>14.90</ItemPrice></item><item><PriceUpdateDate>2016-03-29 07:10:46</PriceUpdateDate><ItemCode>7290000146928</ItemCode><ItemType>1</ItemType><ItemName>משחת שינים טום וגרי</ItemName><ManufacturerName>טום אנד גרי</ManufacturerName><ManufactureCountry>ישראל</ManufactureCountry><ManufacturerItemDescription>משחת שינים טום וגרי</ManufacturerItemDescription><SoldByWeight/><Quantity>1.00</Quantity><UnitOfMeasure>יח'</UnitOfMeasure><QtyInPackage>לא ידוע</QtyInPackage><UnitOfMeasurePrice>9.9000</UnitOfMeasurePrice><AllowDiscount>1</AllowDiscount><ItemStatus>1</ItemStatus><ItemPrice>9.90</ItemPrice></item><item><PriceUpdateDate>2016-04-01 07:33:10</PriceUpdateDate><ItemCode>7290000148298</ItemCode><ItemType>1</ItemType><ItemName>מב מיץ פריגת סחוט תפ</ItemName><ManufacturerName>פריגת</ManufacturerName><ManufactureCountry>ישראל</ManufactureCountry><ManufacturerItemDescription>מיץ סחוט תפוזים2 ל</ManufacturerItemDescription><SoldByWeight/><Quantity>2000.00</Quantity><UnitOfMeasure>מ"ל</UnitOfMeasure><QtyInPackage>לא ידוע</QtyInPackage><UnitOfMeasurePrice>0.0109</UnitOfMeasurePrice><AllowDiscount>1</AllowDiscount><ItemStatus>1</ItemStatus><ItemPrice>21.90</ItemPrice></item><item><PriceUpdateDate>2015-11-02 17:19:48</PriceUpdateDate><ItemCode>7290000148939</ItemCode><ItemType>1</ItemType><ItemName>גת שקד קלוי שקית 200</ItemName><ManufacturerName>ליימן חטיבת המותגים</ManufacturerName><ManufactureCountry>ישראל</ManufactureCountry><ManufacturerItemDescription>שקדים קלויים 200 גרם</ManufacturerItemDescription><SoldByWeight/><Quantity>200.00</Quantity><UnitOfMeasure>גרם     </UnitOfMeasure><QtyInPackage>לא ידוע</QtyInPackage><UnitOfMeasurePrice>0.1135</UnitOfMeasurePrice><AllowDiscount>1</AllowDiscount><ItemStatus>1</ItemStatus><ItemPrice>22.70</ItemPrice></item><item><PriceUpdateDate>2016-05-01 10:23:39</PriceUpdateDate><ItemCode>7290000156064</ItemCode><ItemType>1</ItemType><ItemName>מב פסטרמה רומנית עם</ItemName><ManufacturerName>עוף טוב</ManufacturerName><ManufactureCountry>ישראל</ManufactureCountry><ManufacturerItemDescription>מב פסטרמה רומנית עם</ManufacturerItemDescription><SoldByWeight/><Quantity>300.00</Quantity><UnitOfMeasure>גרם     </UnitOfMeasure><QtyInPackage>לא ידוע</QtyInPackage><UnitOfMeasurePrice>0.0663</UnitOfMeasurePrice><AllowDiscount>1</AllowDiscount><ItemStatus>1</ItemStatus><ItemPrice>19.90</ItemPrice></item><item><PriceUpdateDate>2014-12-01 06:27:35</PriceUpdateDate><ItemCode>7290000156217</ItemCode><ItemType>1</ItemType><ItemName>מקלוני קבנוס 260 גרם</ItemName><ManufacturerName>עוף טוב</ManufacturerName><ManufactureCountry>ישראל</ManufactureCountry><ManufacturerItemDescription>מקלוני קבנוס יח</ManufacturerItemDescription><SoldByWeight/><Quantity>0.00</Quantity><UnitOfMeasure>יח'</UnitOfMeasure><QtyInPackage>לא ידוע</QtyInPackage><UnitOfMeasurePrice>0.0000</UnitOfMeasurePrice><AllowDiscount>1</AllowDiscount><ItemStatus>1</ItemStatus><ItemPrice>21.80</ItemPrice></item><item><PriceUpdateDate>2016-05-02 08:00:06</PriceUpdateDate><ItemCode>7290000158211</ItemCode><ItemType>1</ItemType><ItemName>שניצל עוף טוב דק ענק</ItemName><ManufacturerName>עוף טוב</ManufacturerName><ManufactureCountry>ישראל</ManufactureCountry><ManufacturerItemDescription>שניצל עוף דק ענק 700 100%</ManufacturerItemDescription><SoldByWeight/><Quantity>700.00</Quantity><UnitOfMeasure>גרם     </UnitOfMeasure><QtyInPackage>לא ידוע</QtyInPackage><UnitOfMeasurePrice>0.0570</UnitOfMeasurePrice><AllowDiscount>1</AllowDiscount><ItemStatus>1</ItemStatus><ItemPrice>39.90</ItemPrice></item><item><PriceUpdateDate>2015-11-13 10:56:48</PriceUpdateDate><ItemCode>7290000161167</ItemCode><ItemType>1</ItemType><ItemName>מחמאה גביע 250 גרם</ItemName><ManufacturerName>מחמאה</ManufacturerName><ManufactureCountry>ישראל</ManufactureCountry><ManufacturerItemDescription>מחמאה גביע 250 גרם</ManufacturerItemDescription><SoldByWeight/><Quantity>250.00</Quantity><UnitOfMeasure>גרם     </UnitOfMeasure><QtyInPackage>לא ידוע</QtyInPackage><UnitOfMeasurePrice>0.0352</UnitOfMeasurePrice><AllowDiscount>1</AllowDiscount><ItemStatus>1</ItemStatus><ItemPrice>8.80</ItemPrice></item><item><PriceUpdateDate>2016-02-02 05:50:41</PriceUpdateDate><ItemCode>7290000162386</ItemCode><ItemType>1</ItemType><ItemName>רוטב הלמנס לסלט שום</ItemName><ManufacturerName>הלמנס</ManufacturerName><ManufactureCountry>ישראל</ManufactureCountry><ManufacturerItemDescription>רוטב הלמנס לסלט שום</ManufacturerItemDescription><SoldByWeight/><Quantity>300.00</Quantity><UnitOfMeasure>גרם     </UnitOfMeasure><QtyInPackage>לא ידוע</QtyInPackage><UnitOfMeasurePrice>0.0477</UnitOfMeasurePrice><AllowDiscount>1</AllowDiscount><ItemStatus>1</ItemStatus><ItemPrice>14.30</ItemPrice></item><item><PriceUpdateDate>2015-10-22 08:36:34</PriceUpdateDate><ItemCode>7290000166421</ItemCode><ItemType>1</ItemType><ItemName>מזולה לאפיה טעם חמאה</ItemName><ManufacturerName>מזולה</ManufacturerName><ManufactureCountry>ישראל</ManufactureCountry><ManufacturerItemDescription>מזולה לאפיה טעם חמאה</ManufacturerItemDescription><SoldByWeight/><Quantity>200.00</Quantity><UnitOfMeasure>גרם     </UnitOfMeasure><QtyInPackage>לא ידוע</QtyInPackage><UnitOfMeasurePrice>0.0355</UnitOfMeasurePrice><AllowDiscount>1</AllowDiscount><ItemStatus>1</ItemStatus><ItemPrice>7.10</ItemPrice></item><item><PriceUpdateDate>2016-05-01 10:23:45</PriceUpdateDate><ItemCode>7290000166728</ItemCode><ItemType>1</ItemType><ItemName>קוקומן כדורים 20% פח</ItemName><ManufacturerName>קוקומן</ManufacturerName><ManufactureCountry>ישראל</ManufactureCountry><ManufacturerItemDescription>קוקומן כדורים 20% פח</ManufacturerItemDescription><SoldByWeight/><Quantity>500.00</Quantity><UnitOfMeasure>גרם     </UnitOfMeasure><QtyInPackage>לא ידוע</QtyInPackage><UnitOfMeasurePrice>0.0466</UnitOfMeasurePrice><AllowDiscount>1</AllowDiscount><ItemStatus>1</ItemStatus><ItemPrice>23.30</ItemPrice></item><item><PriceUpdateDate>2016-01-04 21:30:19</PriceUpdateDate><ItemCode>7290000167756</ItemCode><ItemType>1</ItemType><ItemName>דגני בוקר קינמונים 5</ItemName><ManufacturerName>תלמה</ManufacturerName><ManufactureCountry>ישראל</ManufactureCountry><ManufacturerItemDescription>דגני בוקר קינמונים 5</ManufacturerItemDescription><SoldByWeight/><Quantity>500.00</Quantity><UnitOfMeasure>גרם     </UnitOfMeasure><QtyInPackage>לא ידוע</QtyInPackage><UnitOfMeasurePrice>0.0508</UnitOfMeasurePrice><AllowDiscount>1</AllowDiscount><ItemStatus>1</ItemStatus><ItemPrice>25.40</ItemPrice></item><item><PriceUpdateDate>2015-09-30 23:47:43</PriceUpdateDate><ItemCode>7290000170053</ItemCode><ItemType>1</ItemType><ItemName>שוקולד פרה חלב 100 ג</ItemName><ManufacturerName>פרה</ManufacturerName><ManufactureCountry>ישראל</ManufactureCountry><ManufacturerItemDescription>שוקולד פרה חלב שטוח 100 ג</ManufacturerItemDescription><SoldByWeight/><Quantity>100.00</Quantity><UnitOfMeasure>גרם     </UnitOfMeasure><QtyInPackage>לא ידוע</QtyInPackage><UnitOfMeasurePrice>0.0590</UnitOfMeasurePrice><AllowDiscount>0</AllowDiscount><ItemStatus>1</ItemStatus><ItemPrice>5.90</ItemPrice></item><item><PriceUpdateDate>2015-09-30 23:47:43</PriceUpdateDate><ItemCode>7290000170077</ItemCode><ItemType>1</ItemType><ItemName>שוקולד פרה מריר 100</ItemName><ManufacturerName>פרה</ManufacturerName><ManufactureCountry>ישראל</ManufactureCountry><ManufacturerItemDescription>שוקולד פרה מריר שטוח 100</ManufacturerItemDescription><SoldByWeight/><Quantity>100.00</Quantity><UnitOfMeasure>גרם     </UnitOfMeasure><QtyInPackage>לא ידוע</QtyInPackage><UnitOfMeasurePrice>0.0590</UnitOfMeasurePrice><AllowDiscount>0</AllowDiscount><ItemStatus>1</ItemStatus><ItemPrice>5.90</ItemPrice></item><item><PriceUpdateDate>2016-02-17 06:20:59</PriceUpdateDate><ItemCode>7290000170275</ItemCode><ItemType>1</ItemType><ItemName>שוקולד פרה קרם נוגט</ItemName><ManufacturerName>פרה</ManufacturerName><ManufactureCountry>ישראל</ManufactureCountry><ManufacturerItemDescription>שוקולד פרה קרם נוגט 100 ג</ManufacturerItemDescription><SoldByWeight/><Quantity>100.00</Quantity><UnitOfMeasure>גרם     </UnitOfMeasure><QtyInPackage>לא ידוע</QtyInPackage><UnitOfMeasurePrice>0.0690</UnitOfMeasurePrice><AllowDiscount>0</AllowDiscount><ItemStatus>1</ItemStatus><ItemPrice>6.90</ItemPrice></item><item><PriceUpdateDate>2014-12-01 06:28:47</PriceUpdateDate><ItemCode>7290000171579</ItemCode><ItemType>3</ItemType><ItemName>גב עוף טרי</ItemName><ManufacturerName>לא ממותג</ManufacturerName><ManufactureCountry>ישראל</ManufactureCountry><ManufacturerItemDescription>גב עוף טרי</ManufacturerItemDescription><SoldByWeight/><Quantity>1.00</Quantity><UnitOfMeasure>ק"ג</UnitOfMeasure><QtyInPackage>לא ידוע</QtyInPackage><UnitOfMeasurePrice>4.1000</UnitOfMeasurePrice><AllowDiscount>1</AllowDiscount><ItemStatus>1</ItemStatus><ItemPrice>4.10</ItemPrice></item><item><PriceUpdateDate>2016-03-16 14:00:28</PriceUpdateDate><ItemCode>7290000174723</ItemCode><ItemType>1</ItemType><ItemName>אבקת שוקולית 500 גרם</ItemName><ManufacturerName>שוקולית</ManufacturerName><ManufactureCountry>ישראל</ManufactureCountry><ManufacturerItemDescription>שוקולית עלית 500 גרם</ManufacturerItemDescription><SoldByWeight/><Quantity>500.00</Quantity><UnitOfMeasure>גרם     </UnitOfMeasure><QtyInPackage>לא ידוע</QtyInPackage><UnitOfMeasurePrice>0.0278</UnitOfMeasurePrice><AllowDiscount>1</AllowDiscount><ItemStatus>1</ItemStatus><ItemPrice>13.90</ItemPrice></item><item><PriceUpdateDate>2016-05-01 12:05:08</PriceUpdateDate><ItemCode>7290000175027</ItemCode><ItemType>1</ItemType><ItemName>ממרחית שוקולד עלית 5</ItemName><ManufacturerName>פרה</ManufacturerName><ManufactureCountry>ישראל</ManufactureCountry><ManufacturerItemDescription>ממרחית 500 גר</ManufacturerItemDescription><SoldByWeight/><Quantity>500.00</Quantity><UnitOfMeasure>גרם     </UnitOfMeasure><QtyInPackage>לא ידוע</QtyInPackage><UnitOfMeasurePrice>0.0278</UnitOfMeasurePrice><AllowDiscount>1</AllowDiscount><ItemStatus>1</ItemStatus><ItemPrice>13.90</ItemPrice></item><item><PriceUpdateDate>2016-03-16 14:00:28</PriceUpdateDate><ItemCode>7290000176062</ItemCode><ItemType>1</ItemType><ItemName>קפה טורקי עלית בשקית</ItemName><ManufacturerName>עלית</ManufacturerName><ManufactureCountry>ישראל</ManufactureCountry><ManufacturerItemDescription>קפה טורקי בצלופן 100 גרם</ManufacturerItemDescription><SoldByWeight/><Quantity>100.00</Quantity><UnitOfMeasure>גרם     </UnitOfMeasure><QtyInPackage>לא ידוע</QtyInPackage><UnitOfMeasurePrice>0.0880</UnitOfMeasurePrice><AllowDiscount>0</AllowDiscount><ItemStatus>1</ItemStatus><ItemPrice>8.80</ItemPrice></item><item><PriceUpdateDate>2015-11-02 17:19:51</PriceUpdateDate><ItemCode>7290000176413</ItemCode><ItemType>1</ItemType><ItemName>קפה נמס עלית 50 גרם</ItemName><ManufacturerName>עלית נמס</ManufacturerName><ManufactureCountry>ישראל</ManufactureCountry><ManufacturerItemDescription>קפה נמס עלית 50 גר</ManufacturerItemDescription><SoldByWeight/><Quantity>14.00</Quantity><UnitOfMeasure>גרם     </UnitOfMeasure><QtyInPackage>לא ידוע</QtyInPackage><UnitOfMeasurePrice>0.8429</UnitOfMeasurePrice><AllowDiscount>0</AllowDiscount><ItemStatus>1</ItemStatus><ItemPrice>11.80</ItemPrice></item><item><PriceUpdateDate>2016-03-16 14:01:01</PriceUpdateDate><ItemCode>7290000176420</ItemCode><ItemType>1</ItemType><ItemName>קפה נמס עלית 200 גרם</ItemName><ManufacturerName>עלית נמס</ManufacturerName><ManufactureCountry>ישראל</ManufactureCountry><ManufacturerItemDescription>קפה נמס עלית פחית 200 גר</ManufacturerItemDescription><SoldByWeight/><Quantity>200.00</Quantity><UnitOfMeasure>גרם     </UnitOfMeasure><QtyInPackage>לא ידוע</QtyInPackage><UnitOfMeasurePrice>0.0995</UnitOfMeasurePrice><AllowDiscount>1</AllowDiscount><ItemStatus>1</ItemStatus><ItemPrice>19.90</ItemPrice></item><item><PriceUpdateDate>2015-09-30 23:47:43</PriceUpdateDate><ItemCode>7290000176857</ItemCode><ItemType>1</ItemType><ItemName>שוקולד פרה לבן 100 ג</ItemName><ManufacturerName>פרה</ManufacturerName><ManufactureCountry>ישראל</ManufactureCountry><ManufacturerItemDescription>שוקולד פרה לבן 100 גר</ManufacturerItemDescription><SoldByWeight/><Quantity>100.00</Quantity><UnitOfMeasure>גרם     </UnitOfMeasure><QtyInPackage>לא ידוע</QtyInPackage><UnitOfMeasurePrice>0.0590</UnitOfMeasurePrice><AllowDiscount>0</AllowDiscount><ItemStatus>1</ItemStatus><ItemPrice>5.90</ItemPrice></item><item><PriceUpdateDate>2016-03-16 14:00:28</PriceUpdateDate><ItemCode>7290000177694</ItemCode><ItemType>1</ItemType><ItemName>קפה טורקי עלית בואקו</ItemName><ManufacturerName>עלית</ManufacturerName><ManufactureCountry>ישראל</ManufactureCountry><ManufacturerItemDescription>קפה טורקי קלוי טחוןבואקום</ManufacturerItemDescription><SoldByWeight/><Quantity>200.00</Quantity><UnitOfMeasure>גרם     </UnitOfMeasure><QtyInPackage>לא ידוע</QtyInPackage><UnitOfMeasurePrice>0.0895</UnitOfMeasurePrice><AllowDiscount>1</AllowDiscount><ItemStatus>1</ItemStatus><ItemPrice>17.90</ItemPrice></item><item><PriceUpdateDate>2015-09-30 23:47:43</PriceUpdateDate><ItemCode>7290000178707</ItemCode><ItemType>1</ItemType><ItemName>חטיף תפוציפס טבעי 50</ItemName><ManufacturerName>תפוציפס</ManufacturerName><ManufactureCountry>ישראל</ManufactureCountry><ManufacturerItemDescription>תפוציפס מלוח 50 גר</ManufacturerItemDescription><SoldByWeight/><Quantity>14.00</Quantity><UnitOfMeasure>גרם     </UnitOfMeasure><QtyInPackage>לא ידוע</QtyInPackage><UnitOfMeasurePrice>0.2786</UnitOfMeasurePrice><AllowDiscount>1</AllowDiscount><ItemStatus>1</ItemStatus><ItemPrice>3.90</ItemPrice></item><item><PriceUpdateDate>2016-03-21 10:50:34</PriceUpdateDate><ItemCode>7290000179445</ItemCode><ItemType>1</ItemType><ItemName>מסטיק בזוקה 30 יח' ב</ItemName><ManufacturerName>בזוקה</ManufacturerName><ManufactureCountry>ישראל</ManufactureCountry><ManufacturerItemDescription>מסטיק בזוקה 1/30 בשקית 18</ManufacturerItemDescription><SoldByWeight/><Quantity>30.00</Quantity><UnitOfMeasure>יח'</UnitOfMeasure><QtyInPackage>לא ידוע</QtyInPackage><UnitOfMeasurePrice>0.2967</UnitOfMeasurePrice><AllowDiscount>1</AllowDiscount><ItemStatus>1</ItemStatus><ItemPrice>8.90</ItemPrice></item><item><PriceUpdateDate>2016-02-17 06:20:59</PriceUpdateDate><ItemCode>7290000180212</ItemCode><ItemType>1</ItemType><ItemName>שוקולד פרה עם שברי א</ItemName><ManufacturerName>פרה</ManufacturerName><ManufactureCountry>ישראל</ManufactureCountry><ManufacturerItemDescription>שוקולד פרה מריר אגוזים100</ManufacturerItemDescription><SoldByWeight/><Quantity>100.00</Quantity><UnitOfMeasure>גרם     </UnitOfMeasure><QtyInPackage>לא ידוע</QtyInPackage><UnitOfMeasurePrice>0.0690</UnitOfMeasurePrice><AllowDiscount>0</AllowDiscount><ItemStatus>1</ItemStatus><ItemPrice>6.90</ItemPrice></item><item><PriceUpdateDate>2016-03-16 14:00:28</PriceUpdateDate><ItemCode>7290000187921</ItemCode><ItemType>1</ItemType><ItemName>נ.טואלט לילי קלאסיק</ItemName><ManufacturerName>לילי</ManufacturerName><ManufactureCountry>ישראל</ManufactureCountry><ManufacturerItemDescription>נייר טואלט לילי לבן 32 יח</ManufacturerItemDescription><SoldByWeight/><Quantity>589.00</Quantity><UnitOfMeasure>מטר</UnitOfMeasure><QtyInPackage>לא ידוע</QtyInPackage><UnitOfMeasurePrice>0.0677</UnitOfMeasurePrice><AllowDiscount>1</AllowDiscount><ItemStatus>1</ItemStatus><ItemPrice>39.90</ItemPrice></item><item><PriceUpdateDate>2016-05-01 12:05:08</PriceUpdateDate><ItemCode>7290000187938</ItemCode><ItemType>1</ItemType><ItemName>מב נייר טואלט לילי פ</ItemName><ManufacturerName>לילי</ManufacturerName><ManufactureCountry>ישראל</ManufactureCountry><ManufacturerItemDescription>נייר טואלט לילי פסטל</ManufacturerItemDescription><SoldByWeight/><Quantity>589.00</Quantity><UnitOfMeasure>מטר</UnitOfMeasure><QtyInPackage>לא ידוע</QtyInPackage><UnitOfMeasurePrice>0.0593</UnitOfMeasurePrice><AllowDiscount>1</AllowDiscount><ItemStatus>1</ItemStatus><ItemPrice>34.90</ItemPrice></item><item><PriceUpdateDate>2016-01-05 05:44:55</PriceUpdateDate><ItemCode>7290000188355</ItemCode><ItemType>1</ItemType><ItemName>מב מגבת נייר ניקול ש</ItemName><ManufacturerName>ניקול</ManufacturerName><ManufactureCountry>ישראל</ManufactureCountry><ManufacturerItemDescription>מגבת נייר ניקול</ManufacturerItemDescription><SoldByWeight/><Quantity>6.00</Quantity><UnitOfMeasure>מטר</UnitOfMeasure><QtyInPackage>לא ידוע</QtyInPackage><UnitOfMeasurePrice>1.6500</UnitOfMeasurePrice><AllowDiscount>1</AllowDiscount><ItemStatus>1</ItemStatus><ItemPrice>9.90</ItemPrice></item><item><PriceUpdateDate>2016-05-01 12:05:09</PriceUpdateDate><ItemCode>7290000188386</ItemCode><ItemType>1</ItemType><ItemName>מגבת נייר ניקול 12 י</ItemName><ManufacturerName>ניקול</ManufacturerName><ManufactureCountry>ישראל</ManufactureCountry><ManufacturerItemDescription>מגבת נייר ניקול 12 י</ManufacturerItemDescription><SoldByWeight/><Quantity>130.00</Quantity><UnitOfMeasure>מטר</UnitOfMeasure><QtyInPackage>לא ידוע</QtyInPackage><UnitOfMeasurePrice>0.1646</UnitOfMeasurePrice><AllowDiscount>1</AllowDiscount><ItemStatus>1</ItemStatus><ItemPrice>21.40</ItemPrice></item><item><PriceUpdateDate>2016-05-01 12:05:09</PriceUpdateDate><ItemCode>7290000189208</ItemCode><ItemType>1</ItemType><ItemName>מטלית הקסם לשיש ניקו</ItemName><ManufacturerName>ניקול</ManufacturerName><ManufactureCountry>סין</ManufactureCountry><ManufacturerItemDescription>דאודורנט        ורט50גרם</ManufacturerItemDescription><SoldByWeight/><Quantity>0.00</Quantity><UnitOfMeasure>יח'</UnitOfMeasure><QtyInPackage>לא ידוע</QtyInPackage><UnitOfMeasurePrice>0.0000</UnitOfMeasurePrice><AllowDiscount>1</AllowDiscount><ItemStatus>1</ItemStatus><ItemPrice>12.50</ItemPrice></item><item><PriceUpdateDate>2015-10-27 06:51:18</PriceUpdateDate><ItemCode>7290000189499</ItemCode><ItemType>1</ItemType><ItemName>תבניות אפייה חד פעמי</ItemName><ManufacturerName>ניקול</ManufacturerName><ManufactureCountry>ישראל</ManufactureCountry><ManufacturerItemDescription>תבניות אפייה חד פעמי</ManufacturerItemDescription><SoldByWeight/><Quantity>3.00</Quantity><UnitOfMeasure>בודד</UnitOfMeasure><QtyInPackage>לא ידוע</QtyInPackage><UnitOfMeasurePrice>4.1333</UnitOfMeasurePrice><AllowDiscount>1</AllowDiscount><ItemStatus>1</ItemStatus><ItemPrice>12.40</ItemPrice></item><item><PriceUpdateDate>2016-02-11 10:38:17</PriceUpdateDate><ItemCode>7290000189598</ItemCode><ItemType>1</ItemType><ItemName>מב מטליות לחות חד"פ</ItemName><ManufacturerName>ניקול</ManufacturerName><ManufactureCountry>ישראל</ManufactureCountry><ManufacturerItemDescription>מגבוני ניקול לניקוי כללי5</ManufacturerItemDescription><SoldByWeight/><Quantity>50.00</Quantity><UnitOfMeasure>יח'</UnitOfMeasure><QtyInPackage>לא ידוע</QtyInPackage><UnitOfMeasurePrice>0.1980</UnitOfMeasurePrice><AllowDiscount>1</AllowDiscount><ItemStatus>1</ItemStatus><ItemPrice>9.90</ItemPrice></item><item><PriceUpdateDate>2015-11-13 08:48:43</PriceUpdateDate><ItemCode>7290000190532</ItemCode><ItemType>1</ItemType><ItemName>מפיות דו שכבתי 50 מו</ItemName><ManufacturerName>ניקול</ManufacturerName><ManufactureCountry>ישראל</ManufactureCountry><ManufacturerItemDescription>מפיות דו שכבתי 50 מו</ManufacturerItemDescription><SoldByWeight/><Quantity>0.00</Quantity><UnitOfMeasure>יח'</UnitOfMeasure><QtyInPackage>לא ידוע</QtyInPackage><UnitOfMeasurePrice>0.0000</UnitOfMeasurePrice><AllowDiscount>1</AllowDiscount><ItemStatus>1</ItemStatus><ItemPrice>9.30</ItemPrice></item><item><PriceUpdateDate>2016-03-01 07:13:13</PriceUpdateDate><ItemCode>7290000190563</ItemCode><ItemType>1</ItemType><ItemName>מב זוג מפיות מודפסות</ItemName><ManufacturerName>ניקול</ManufacturerName><ManufactureCountry>ישראל</ManufactureCountry><ManufacturerItemDescription>מב זוג מפיות מודפסות</ManufacturerItemDescription><SoldByWeight/><Quantity>170.00</Quantity><UnitOfMeasure>יח'</UnitOfMeasure><QtyInPackage>לא ידוע</QtyInPackage><UnitOfMeasurePrice>0.0582</UnitOfMeasurePrice><AllowDiscount>1</AllowDiscount><ItemStatus>1</ItemStatus><ItemPrice>9.90</ItemPrice></item><item><PriceUpdateDate>2016-01-05 05:44:55</PriceUpdateDate><ItemCode>7290000191140</ItemCode><ItemType>1</ItemType><ItemName>מב מארז מגבוני נשטפי</ItemName><ManufacturerName>לילי</ManufacturerName><ManufactureCountry>ישראל</ManufactureCountry><ManufacturerItemDescription>מב מארז מגבוני נשטפי</ManufacturerItemDescription><SoldByWeight/><Quantity>120.00</Quantity><UnitOfMeasure>בודד</UnitOfMeasure><QtyInPackage>לא ידוע</QtyInPackage><UnitOfMeasurePrice>0.1492</UnitOfMeasurePrice><AllowDiscount>1</AllowDiscount><ItemStatus>1</ItemStatus><ItemPrice>17.90</ItemPrice></item><item><PriceUpdateDate>2016-03-16 14:01:01</PriceUpdateDate><ItemCode>7290000191539</ItemCode><ItemType>1</ItemType><ItemName>נייר טישו לילי צבעונ</ItemName><ManufacturerName>לילי</ManufacturerName><ManufactureCountry>ישראל</ManufactureCountry><ManufacturerItemDescription>נייר טישו לילי צבעונ</ManufacturerItemDescription><SoldByWeight/><Quantity>5.00</Quantity><UnitOfMeasure>חב'</UnitOfMeasure><QtyInPackage>לא ידוע</QtyInPackage><UnitOfMeasurePrice>2.9800</UnitOfMeasurePrice><AllowDiscount>1</AllowDiscount><ItemStatus>1</ItemStatus><ItemPrice>14.90</ItemPrice></item><item><PriceUpdateDate>2015-10-14 10:27:30</PriceUpdateDate><ItemCode>7290000195797</ItemCode><ItemType>1</ItemType><ItemName>נ.טואלט לילי פנטזי 3</ItemName><ManufacturerName>לילי</ManufacturerName><ManufactureCountry>ישראל</ManufactureCountry><ManufacturerItemDescription>נ.טואלט לילי פנטזי 3</ManufacturerItemDescription><SoldByWeight/><Quantity>0.00</Quantity><UnitOfMeasure>מטר</UnitOfMeasure><QtyInPackage>לא ידוע</QtyInPackage><UnitOfMeasurePrice>0.0000</UnitOfMeasurePrice><AllowDiscount>1</AllowDiscount><ItemStatus>1</ItemStatus><ItemPrice>32.50</ItemPrice></item><item><PriceUpdateDate>2016-03-16 14:01:01</PriceUpdateDate><ItemCode>7290000197432</ItemCode><ItemType>1</ItemType><ItemName>סנדויצון ניקול זוגות</ItemName><ManufacturerName>ניקול</ManufacturerName><ManufactureCountry>ישראל</ManufactureCountry><ManufacturerItemDescription>שקיות סנדביצון 150 יח זוג</ManufacturerItemDescription><SoldByWeight/><Quantity>300.00</Quantity><UnitOfMeasure>בודד</UnitOfMeasure><QtyInPackage>לא ידוע</QtyInPackage><UnitOfMeasurePrice>0.0463</UnitOfMeasurePrice><AllowDiscount>1</AllowDiscount><ItemStatus>1</ItemStatus><ItemPrice>13.90</ItemPrice></item><item><PriceUpdateDate>2016-03-17 11:52:21</PriceUpdateDate><ItemCode>7290000197456</ItemCode><ItemType>1</ItemType><ItemName>חיתולי האגיס פרידום</ItemName><ManufacturerName>האגיס</ManufacturerName><ManufactureCountry>לא ידוע</ManufactureCountry><ManufacturerItemDescription>חיתולי האגיס פרידום</ManufacturerItemDescription><SoldByWeight/><Quantity>44.00</Quantity><UnitOfMeasure>בודד</UnitOfMeasure><QtyInPackage>לא ידוע</QtyInPackage><UnitOfMeasurePrice>0.9977</UnitOfMeasurePrice><AllowDiscount>1</AllowDiscount><ItemStatus>1</ItemStatus><ItemPrice>43.90</ItemPrice></item><item><PriceUpdateDate>2016-03-17 11:52:21</PriceUpdateDate><ItemCode>7290000197463</ItemCode><ItemType>1</ItemType><ItemName>חיתולי האגיס פרידום</ItemName><ManufacturerName>האגיס</ManufacturerName><ManufactureCountry>לא ידוע</ManufactureCountry><ManufacturerItemDescription>חיתולי האגיס פרידום</ManufacturerItemDescription><SoldByWeight/><Quantity>42.00</Quantity><UnitOfMeasure>בודד</UnitOfMeasure><QtyInPackage>לא ידוע</QtyInPackage><UnitOfMeasurePrice>1.0452</UnitOfMeasurePrice><AllowDiscount>1</AllowDiscount><ItemStatus>1</ItemStatus><ItemPrice>43.90</ItemPrice></item><item><PriceUpdateDate>2016-03-17 11:52:21</PriceUpdateDate><ItemCode>7290000197548</ItemCode><ItemType>1</ItemType><ItemName>חיתולי האגיס פרידום</ItemName><ManufacturerName>האגיס</ManufacturerName><ManufactureCountry>לא ידוע</ManufactureCountry><ManufacturerItemDescription>חיתולי האגיס פרידום</ManufacturerItemDescription><SoldByWeight/><Quantity>38.00</Quantity><UnitOfMeasure>בודד</UnitOfMeasure><QtyInPackage>לא ידוע</QtyInPackage><UnitOfMeasurePrice>1.1553</UnitOfMeasurePrice><AllowDiscount>1</AllowDiscount><ItemStatus>1</ItemStatus><ItemPrice>43.90</ItemPrice></item><item><PriceUpdateDate>2016-05-01 10:23:51</PriceUpdateDate><ItemCode>7290000197654</ItemCode><ItemType>1</ItemType><ItemName>מב אשפתון ניקול 50 י</ItemName><ManufacturerName>ניקול</ManufacturerName><ManufactureCountry>ישראל</ManufactureCountry><ManufacturerItemDescription>אשפתון ענק 50 75*90 יחידו</ManufacturerItemDescription><SoldByWeight/><Quantity>50.00</Quantity><UnitOfMeasure>בודד</UnitOfMeasure><QtyInPackage>לא ידוע</QtyInPackage><UnitOfMeasurePrice>0.4380</UnitOfMeasurePrice><AllowDiscount>1</AllowDiscount><ItemStatus>1</ItemStatus><ItemPrice>21.90</ItemPrice></item><item><PriceUpdateDate>2016-02-02 05:50:46</PriceUpdateDate><ItemCode>7290000197876</ItemCode><ItemType>1</ItemType><ItemName>תבניות אפייה חד פעמי</ItemName><ManufacturerName>ניקול</ManufacturerName><ManufactureCountry>ישראל</ManufactureCountry><ManufacturerItemDescription>תבנית אלומיניום קטן 4 יח</ManufacturerItemDescription><SoldByWeight/><Quantity>4.00</Quantity><UnitOfMeasure>יח'</UnitOfMeasure><QtyInPackage>לא ידוע</QtyInPackage><UnitOfMeasurePrice>3.1250</UnitOfMeasurePrice><AllowDiscount>1</AllowDiscount><ItemStatus>1</ItemStatus><ItemPrice>12.50</ItemPrice></item><item><PriceUpdateDate>2016-02-02 05:50:46</PriceUpdateDate><ItemCode>7290000204086</ItemCode><ItemType>1</ItemType><ItemName>מב כרית קירצוף ניקול</ItemName><ManufacturerName>ניקול</ManufacturerName><ManufactureCountry>ישראל</ManufactureCountry><ManufacturerItemDescription>כרית קירצוף ניקול</ManufacturerItemDescription><SoldByWeight/><Quantity>0.00</Quantity><UnitOfMeasure>יח'</UnitOfMeasure><QtyInPackage>לא ידוע</QtyInPackage><UnitOfMeasurePrice>0.0000</UnitOfMeasurePrice><AllowDiscount>1</AllowDiscount><ItemStatus>1</ItemStatus><ItemPrice>9.90</ItemPrice></item><item><PriceUpdateDate>2016-04-08 07:38:27</PriceUpdateDate><ItemCode>7290000207162</ItemCode><ItemType>1</ItemType><ItemName>רסק עגבניות יכין 100</ItemName><ManufacturerName>יכין</ManufacturerName><ManufactureCountry>ישראל</ManufactureCountry><ManufacturerItemDescription>רסק עגבניות יכין 100</ManufacturerItemDescription><SoldByWeight/><Quantity>100.00</Quantity><UnitOfMeasure>גרם     </UnitOfMeasure><QtyInPackage>לא ידוע</QtyInPackage><UnitOfMeasurePrice>0.0200</UnitOfMeasurePrice><AllowDiscount>0</AllowDiscount><ItemStatus>1</ItemStatus><ItemPrice>2.00</ItemPrice></item><item><PriceUpdateDate>2014-12-01 06:28:21</PriceUpdateDate><ItemCode>7290000207438</ItemCode><ItemType>1</ItemType><ItemName>קוביות עגבניות A2.5</ItemName><ManufacturerName>יכין</ManufacturerName><ManufactureCountry>ישראל</ManufactureCountry><ManufacturerItemDescription>קוביות עגבניות A2.5</ManufacturerItemDescription><SoldByWeight/><Quantity>800.00</Quantity><UnitOfMeasure>גרם     </UnitOfMeasure><QtyInPackage>לא ידוע</QtyInPackage><UnitOfMeasurePrice>0.0115</UnitOfMeasurePrice><AllowDiscount>1</AllowDiscount><ItemStatus>1</ItemStatus><ItemPrice>9.20</ItemPrice></item><item><PriceUpdateDate>2015-11-15 20:35:02</PriceUpdateDate><ItemCode>7290000208084</ItemCode><ItemType>1</ItemType><ItemName>אפונה בינונית A2 600</ItemName><ManufacturerName>יכין</ManufacturerName><ManufactureCountry>ישראל</ManufactureCountry><ManufacturerItemDescription>אפונה בינונית560 גר .יכין</ManufacturerItemDescription><SoldByWeight/><Quantity>335.00</Quantity><UnitOfMeasure>גרם     </UnitOfMeasure><QtyInPackage>לא ידוע</QtyInPackage><UnitOfMeasurePrice>0.0251</UnitOfMeasurePrice><AllowDiscount>1</AllowDiscount><ItemStatus>1</ItemStatus><ItemPrice>8.40</ItemPrice></item><item><PriceUpdateDate>2015-11-15 20:35:02</PriceUpdateDate><ItemCode>7290000208213</ItemCode><ItemType>1</ItemType><ItemName>שעועית אפויה A2 560</ItemName><ManufacturerName>יכין</ManufacturerName><ManufactureCountry>ישראל</ManufactureCountry><ManufacturerItemDescription>שעועית אפויה A2 560</ManufacturerItemDescription><SoldByWeight/><Quantity>560.00</Quantity><UnitOfMeasure>גרם     </UnitOfMeasure><QtyInPackage>לא ידוע</QtyInPackage><UnitOfMeasurePrice>0.0157</UnitOfMeasurePrice><AllowDiscount>0</AllowDiscount><ItemStatus>1</ItemStatus><ItemPrice>8.80</ItemPrice></item><item><PriceUpdateDate>2015-11-15 20:35:02</PriceUpdateDate><ItemCode>7290000208220</ItemCode><ItemType>1</ItemType><ItemName>צ'ילי שעועית אפויה 3</ItemName><ManufacturerName>לא ידוע</ManufacturerName><ManufactureCountry>ישראל</ManufactureCountry><ManufacturerItemDescription>צ'ילי שעועית אפויה 3</ManufacturerItemDescription><SoldByWeight/><Quantity>335.00</Quantity><UnitOfMeasure>גרם     </UnitOfMeasure><QtyInPackage>לא ידוע</QtyInPackage><UnitOfMeasurePrice>0.0266</UnitOfMeasurePrice><AllowDiscount>1</AllowDiscount><ItemStatus>1</ItemStatus><ItemPrice>8.90</ItemPrice></item><item><PriceUpdateDate>2015-11-15 20:35:02</PriceUpdateDate><ItemCode>7290000208244</ItemCode><ItemType>1</ItemType><ItemName>בסיס לשקשוקה A2 570</ItemName><ManufacturerName>יכין</ManufacturerName><ManufactureCountry>ישראל</ManufactureCountry><ManufacturerItemDescription>בסיס עגבניותלשקשוקה570ג</ManufacturerItemDescription><SoldByWeight/><Quantity>570.00</Quantity><UnitOfMeasure>גרם     </UnitOfMeasure><QtyInPackage>לא ידוע</QtyInPackage><UnitOfMeasurePrice>0.0170</UnitOfMeasurePrice><AllowDiscount>1</AllowDiscount><ItemStatus>1</ItemStatus><ItemPrice>9.70</ItemPrice></item><item><PriceUpdateDate>2014-12-01 06:28:21</PriceUpdateDate><ItemCode>7290000208268</ItemCode><ItemType>1</ItemType><ItemName>שעועית צהובה חתוכהA2</ItemName><ManufacturerName>יכין</ManufacturerName><ManufactureCountry>ישראל</ManufactureCountry><ManufacturerItemDescription>שעועית צהובה חתוכהA2</ManufacturerItemDescription><SoldByWeight/><Quantity>320.00</Quantity><UnitOfMeasure>גרם     </UnitOfMeasure><QtyInPackage>לא ידוע</QtyInPackage><UnitOfMeasurePrice>0.0284</UnitOfMeasurePrice><AllowDiscount>1</AllowDiscount><ItemStatus>1</ItemStatus><ItemPrice>9.10</ItemPrice></item><item><PriceUpdateDate>2016-02-08 10:36:25</PriceUpdateDate><ItemCode>7290000208312</ItemCode><ItemType>1</ItemType><ItemName>תירס ווקום 12 אונס 2</ItemName><ManufacturerName>לא ממותג</ManufacturerName><ManufactureCountry>ישראל</ManufactureCountry><ManufacturerItemDescription>תירס גרעינים 340 גרם</ManufacturerItemDescription><SoldByWeight/><Quantity>285.00</Quantity><UnitOfMeasure>גרם     </UnitOfMeasure><QtyInPackage>לא ידוע</QtyInPackage><UnitOfMeasurePrice>0.0242</UnitOfMeasurePrice><AllowDiscount>0</AllowDiscount><ItemStatus>1</ItemStatus><ItemPrice>6.90</ItemPrice></item><item><PriceUpdateDate>2016-03-16 14:00:29</PriceUpdateDate><ItemCode>7290000208329</ItemCode><ItemType>1</ItemType><ItemName>תירס גרעינים A2 560</ItemName><ManufacturerName>יכין</ManufacturerName><ManufactureCountry>ישראל</ManufactureCountry><ManufacturerItemDescription>תירס גרעינים560 גר .יכין</ManufacturerItemDescription><SoldByWeight/><Quantity>335.00</Quantity><UnitOfMeasure>גרם     </UnitOfMeasure><QtyInPackage>לא ידוע</QtyInPackage><UnitOfMeasurePrice>0.0206</UnitOfMeasurePrice><AllowDiscount>1</AllowDiscount><ItemStatus>1</ItemStatus><ItemPrice>6.90</ItemPrice></item><item><PriceUpdateDate>2015-10-12 11:12:23</PriceUpdateDate><ItemCode>7290000208336</ItemCode><ItemType>1</ItemType><ItemName>רסק 22% יכין 260 גרם</ItemName><ManufacturerName>יכין</ManufacturerName><ManufactureCountry>ישראל</ManufactureCountry><ManufacturerItemDescription>רסק עגבניות 260 22% ג</ManufacturerItemDescription><SoldByWeight/><Quantity>260.00</Quantity><UnitOfMeasure>גרם     </UnitOfMeasure><QtyInPackage>לא ידוע</QtyInPackage><UnitOfMeasurePrice>0.0208</UnitOfMeasurePrice><AllowDiscount>1</AllowDiscount><ItemStatus>1</ItemStatus><ItemPrice>5.40</ItemPrice></item><item><PriceUpdateDate>2014-12-01 06:28:21</PriceUpdateDate><ItemCode>7290000208404</ItemCode><ItemType>1</ItemType><ItemName>פול מצרי A2 560 גרם</ItemName><ManufacturerName>יכין</ManufacturerName><ManufactureCountry>ישראל</ManufactureCountry><ManufacturerItemDescription>פול מצרי 560 גרם A2 יכין</ManufacturerItemDescription><SoldByWeight/><Quantity>350.00</Quantity><UnitOfMeasure>גרם     </UnitOfMeasure><QtyInPackage>לא ידוע</QtyInPackage><UnitOfMeasurePrice>0.0206</UnitOfMeasurePrice><AllowDiscount>1</AllowDiscount><ItemStatus>1</ItemStatus><ItemPrice>7.20</ItemPrice></item><item><PriceUpdateDate>2015-09-30 23:47:43</PriceUpdateDate><ItemCode>7290000208428</ItemCode><ItemType>1</ItemType><ItemName>חומוס גרעינים A2 560</ItemName><ManufacturerName>יכין</ManufacturerName><ManufactureCountry>ישראל</ManufactureCountry><ManufacturerItemDescription>חומוס560 גר .יכין</ManufacturerItemDescription><SoldByWeight/><Quantity>290.00</Quantity><UnitOfMeasure>גרם     </UnitOfMeasure><QtyInPackage>לא ידוע</QtyInPackage><UnitOfMeasurePrice>0.0221</UnitOfMeasurePrice><AllowDiscount>0</AllowDiscount><ItemStatus>1</ItemStatus><ItemPrice>6.40</ItemPrice></item><item><PriceUpdateDate>2015-11-15 20:35:03</PriceUpdateDate><ItemCode>7290000209173</ItemCode><ItemType>1</ItemType><ItemName>חומץ סינטטי 1.5 ליטר</ItemName><ManufacturerName>יכין</ManufacturerName><ManufactureCountry>ישראל</ManufactureCountry><ManufacturerItemDescription>חומץ סינטטי 1.5 ליטר</ManufacturerItemDescription><SoldByWeight/><Quantity>1500.00</Quantity><UnitOfMeasure>מ"ל</UnitOfMeasure><QtyInPackage>לא ידוע</QtyInPackage><UnitOfMeasurePrice>0.0033</UnitOfMeasurePrice><AllowDiscount>1</AllowDiscount><ItemStatus>1</ItemStatus><ItemPrice>5.00</ItemPrice></item><item><PriceUpdateDate>2016-03-01 07:13:14</PriceUpdateDate><ItemCode>7290000209371</ItemCode><ItemType>1</ItemType><ItemName>מב שלישיית תירס מתוק</ItemName><ManufacturerName>יכין</ManufacturerName><ManufactureCountry>לא ידוע</ManufactureCountry><ManufacturerItemDescription>מב שלישיית תירס מתוק</ManufacturerItemDescription><SoldByWeight/><Quantity>165.00</Quantity><UnitOfMeasure>גרם     </UnitOfMeasure><QtyInPackage>לא ידוע</QtyInPackage><UnitOfMeasurePrice>0.0721</UnitOfMeasurePrice><AllowDiscount>1</AllowDiscount><ItemStatus>1</ItemStatus><ItemPrice>11.90</ItemPrice></item><item><PriceUpdateDate>2016-03-16 14:01:01</PriceUpdateDate><ItemCode>7290000209722</ItemCode><ItemType>1</ItemType><ItemName>רסק פריכוז 28% A2 58</ItemName><ManufacturerName>יכין</ManufacturerName><ManufactureCountry>ישראל</ManufactureCountry><ManufacturerItemDescription>רסק עגבניות פריכוז 580 יכ</ManufacturerItemDescription><SoldByWeight/><Quantity>580.00</Quantity><UnitOfMeasure>גרם     </UnitOfMeasure><QtyInPackage>לא ידוע</QtyInPackage><UnitOfMeasurePrice>0.0147</UnitOfMeasurePrice><AllowDiscount>1</AllowDiscount><ItemStatus>1</ItemStatus><ItemPrice>8.50</ItemPrice></item><item><PriceUpdateDate>2015-10-12 11:12:23</PriceUpdateDate><ItemCode>7290000209944</ItemCode><ItemType>1</ItemType><ItemName>עגבניות לשקשוקה 260</ItemName><ManufacturerName>יכין</ManufacturerName><ManufactureCountry>ישראל</ManufactureCountry><ManufacturerItemDescription>עגבניות לשקשוקה 260</ManufacturerItemDescription><SoldByWeight/><Quantity>260.00</Quantity><UnitOfMeasure>גרם     </UnitOfMeasure><QtyInPackage>לא ידוע</QtyInPackage><UnitOfMeasurePrice>0.0254</UnitOfMeasurePrice><AllowDiscount>1</AllowDiscount><ItemStatus>1</ItemStatus><ItemPrice>6.60</ItemPrice></item><item><PriceUpdateDate>2015-11-02 17:19:54</PriceUpdateDate><ItemCode>7290000209951</ItemCode><ItemType>1</ItemType><ItemName>רוטב לפיצה 260 גרם</ItemName><ManufacturerName>יכין</ManufacturerName><ManufactureCountry>ישראל</ManufactureCountry><ManufacturerItemDescription>רוטב פיצה 260 גרם</ManufacturerItemDescription><SoldByWeight/><Quantity>260.00</Quantity><UnitOfMeasure>גרם     </UnitOfMeasure><QtyInPackage>לא ידוע</QtyInPackage><UnitOfMeasurePrice>0.0258</UnitOfMeasurePrice><AllowDiscount>1</AllowDiscount><ItemStatus>1</ItemStatus><ItemPrice>6.70</ItemPrice></item><item><PriceUpdateDate>2015-11-02 17:19:54</PriceUpdateDate><ItemCode>7290000209968</ItemCode><ItemType>1</ItemType><ItemName>רוטב לזניה 260 גרם</ItemName><ManufacturerName>יכין</ManufacturerName><ManufactureCountry>ישראל</ManufactureCountry><ManufacturerItemDescription>רוטב לזניה 260 גרם</ManufacturerItemDescription><SoldByWeight/><Quantity>260.00</Quantity><UnitOfMeasure>גרם     </UnitOfMeasure><QtyInPackage>לא ידוע</QtyInPackage><UnitOfMeasurePrice>0.0258</UnitOfMeasurePrice><AllowDiscount>1</AllowDiscount><ItemStatus>1</ItemStatus><ItemPrice>6.70</ItemPrice></item><item><PriceUpdateDate>2014-12-01 06:28:22</PriceUpdateDate><ItemCode>7290000210469</ItemCode><ItemType>1</ItemType><ItemName>עגבניות שלמות 800 גר</ItemName><ManufacturerName>יכין</ManufacturerName><ManufactureCountry>ישראל</ManufactureCountry><ManufacturerItemDescription>עגבניות שלמות 800 גר</ManufacturerItemDescription><SoldByWeight/><Quantity>465.00</Quantity><UnitOfMeasure>גרם     </UnitOfMeasure><QtyInPackage>לא ידוע</QtyInPackage><UnitOfMeasurePrice>0.0206</UnitOfMeasurePrice><AllowDiscount>1</AllowDiscount><ItemStatus>1</ItemStatus><ItemPrice>9.60</ItemPrice></item><item><PriceUpdateDate>2015-11-02 17:19:54</PriceUpdateDate><ItemCode>7290000210896</ItemCode><ItemType>1</ItemType><ItemName>רוטב בולונז 260 גרם</ItemName><ManufacturerName>יכין</ManufacturerName><ManufactureCountry>ישראל</ManufactureCountry><ManufacturerItemDescription>רוטב בולונז 260 גרם</ManufacturerItemDescription><SoldByWeight/><Quantity>260.00</Quantity><UnitOfMeasure>גרם     </UnitOfMeasure><QtyInPackage>לא ידוע</QtyInPackage><UnitOfMeasurePrice>0.0258</UnitOfMeasurePrice><AllowDiscount>1</AllowDiscount><ItemStatus>1</ItemStatus><ItemPrice>6.70</ItemPrice></item><item><PriceUpdateDate>2016-03-01 07:13:14</PriceUpdateDate><ItemCode>7290000211169</ItemCode><ItemType>1</ItemType><ItemName>אורז תאילנדי 1 ק"ג</ItemName><ManufacturerName>סוגת</ManufacturerName><ManufactureCountry>ישראל</ManufactureCountry><ManufacturerItemDescription>אורז תאילנדי 1 קג</ManufacturerItemDescription><SoldByWeight/><Quantity>1000.00</Quantity><UnitOfMeasure>גרם     </UnitOfMeasure><QtyInPackage>לא ידוע</QtyInPackage><UnitOfMeasurePrice>0.0069</UnitOfMeasurePrice><AllowDiscount>1</AllowDiscount><ItemStatus>1</ItemStatus><ItemPrice>6.90</ItemPrice></item><item><PriceUpdateDate>2016-03-16 14:00:29</PriceUpdateDate><ItemCode>7290000211442</ItemCode><ItemType>1</ItemType><ItemName>אורז פרסי קלאסי 1 קג</ItemName><ManufacturerName>וילי פוד</ManufacturerName><ManufactureCountry>ישראל</ManufactureCountry><ManufacturerItemDescription>אורז פרסי אחד אחד1 קג</ManufacturerItemDescription><SoldByWeight/><Quantity>1000.00</Quantity><UnitOfMeasure>גרם     </UnitOfMeasure><QtyInPackage>לא ידוע</QtyInPackage><UnitOfMeasurePrice>0.0088</UnitOfMeasurePrice><AllowDiscount>1</AllowDiscount><ItemStatus>1</ItemStatus><ItemPrice>8.80</ItemPrice></item><item><PriceUpdateDate>2016-03-16 14:01:01</PriceUpdateDate><ItemCode>7290000211503</ItemCode><ItemType>1</ItemType><ItemName>סוכר 1 ק"ג</ItemName><ManufacturerName>סוגת</ManufacturerName><ManufactureCountry>ישראל</ManufactureCountry><ManufacturerItemDescription>סוכר לבן ארוז בשקית 1 קג</ManufacturerItemDescription><SoldByWeight/><Quantity>1000.00</Quantity><UnitOfMeasure>גרם     </UnitOfMeasure><QtyInPackage>לא ידוע</QtyInPackage><UnitOfMeasurePrice>0.0039</UnitOfMeasurePrice><AllowDiscount>1</AllowDiscount><ItemStatus>1</ItemStatus><ItemPrice>3.90</ItemPrice></item><item><PriceUpdateDate>2015-11-15 20:35:03</PriceUpdateDate><ItemCode>7290000211626</ItemCode><ItemType>1</ItemType><ItemName>אורז סוגת חיש 1 ק"ג</ItemName><ManufacturerName>סוגת</ManufacturerName><ManufactureCountry>ישראל</ManufactureCountry><ManufacturerItemDescription>אורז סוגת חיש 1 ק"ג</ManufacturerItemDescription><SoldByWeight/><Quantity>1000.00</Quantity><UnitOfMeasure>גרם     </UnitOfMeasure><QtyInPackage>לא ידוע</QtyInPackage><UnitOfMeasurePrice>0.0155</UnitOfMeasurePrice><AllowDiscount>1</AllowDiscount><ItemStatus>1</ItemStatus><ItemPrice>15.50</ItemPrice></item><item><PriceUpdateDate>2016-03-01 07:13:14</PriceUpdateDate><ItemCode>7290000214115</ItemCode><ItemType>1</ItemType><ItemName>מב מרק עוף צנצנת 400</ItemName><ManufacturerName>ויטה</ManufacturerName><ManufactureCountry>ישראל</ManufactureCountry><ManufacturerItemDescription>מרק עוף צנצנת 400 גרם</ManufacturerItemDescription><SoldByWeight/><Quantity>400.00</Quantity><UnitOfMeasure>גרם     </UnitOfMeasure><QtyInPackage>לא ידוע</QtyInPackage><UnitOfMeasurePrice>0.0250</UnitOfMeasurePrice><AllowDiscount>1</AllowDiscount><ItemStatus>1</ItemStatus><ItemPrice>10.00</ItemPrice></item><item><PriceUpdateDate>2016-05-01 12:05:12</PriceUpdateDate><ItemCode>7290000216119</ItemCode><ItemType>1</ItemType><ItemName>קניידלך 130 גרם</ItemName><ManufacturerName>ויטה</ManufacturerName><ManufactureCountry>ישראל</ManufactureCountry><ManufacturerItemDescription>קניידלך 130 גרם</ManufacturerItemDescription><SoldByWeight/><Quantity>130.00</Quantity><UnitOfMeasure>גרם     </UnitOfMeasure><QtyInPackage>לא ידוע</QtyInPackage><UnitOfMeasurePrice>0.0646</UnitOfMeasurePrice><AllowDiscount>1</AllowDiscount><ItemStatus>1</ItemStatus><ItemPrice>8.40</ItemPrice></item><item><PriceUpdateDate>2016-05-01 12:05:14</PriceUpdateDate><ItemCode>7290000243566</ItemCode><ItemType>1</ItemType><ItemName>שמן קנולה בריאות "עץ</ItemName><ManufacturerName>עץ הזית</ManufacturerName><ManufactureCountry>ישראל</ManufactureCountry><ManufacturerItemDescription>שמן קנולה בריאות "עץ</ManufacturerItemDescription><SoldByWeight/><Quantity>750.00</Quantity><UnitOfMeasure>מ"ל</UnitOfMeasure><QtyInPackage>לא ידוע</QtyInPackage><UnitOfMeasurePrice>0.0185</UnitOfMeasurePrice><AllowDiscount>1</AllowDiscount><ItemStatus>1</ItemStatus><ItemPrice>13.90</ItemPrice></item><item><PriceUpdateDate>2016-05-01 10:23:56</PriceUpdateDate><ItemCode>7290000245355</ItemCode><ItemType>1</ItemType><ItemName>ג'ל כביסה פרסיל קולו</ItemName><ManufacturerName>פרסיל</ManufacturerName><ManufactureCountry>ישראל</ManufactureCountry><ManufacturerItemDescription>ג'ל כביסה פרסיל קולו</ManufacturerItemDescription><SoldByWeight/><Quantity>3000.00</Quantity><UnitOfMeasure>מ"ל</UnitOfMeasure><QtyInPackage>לא ידוע</QtyInPackage><UnitOfMeasurePrice>0.0110</UnitOfMeasurePrice><AllowDiscount>1</AllowDiscount><ItemStatus>1</ItemStatus><ItemPrice>32.90</ItemPrice></item><item><PriceUpdateDate>2016-02-08 10:36:25</PriceUpdateDate><ItemCode>7290000245782</ItemCode><ItemType>1</ItemType><ItemName>מרכך כביסה סוד ורוד</ItemName><ManufacturerName>סוד</ManufacturerName><ManufactureCountry>ישראל</ManufactureCountry><ManufacturerItemDescription>מרכך כביסה סוד ורוד</ManufacturerItemDescription><SoldByWeight/><Quantity>4000.00</Quantity><UnitOfMeasure>מ"ל</UnitOfMeasure><QtyInPackage>לא ידוע</QtyInPackage><UnitOfMeasurePrice>0.0050</UnitOfMeasurePrice><AllowDiscount>1</AllowDiscount><ItemStatus>1</ItemStatus><ItemPrice>19.90</ItemPrice></item><item><PriceUpdateDate>2016-03-16 13:06:20</PriceUpdateDate><ItemCode>7290000260839</ItemCode><ItemType>1</ItemType><ItemName>ספרינג 1.5 ליטר תפוז</ItemName><ManufacturerName>ספרינג</ManufacturerName><ManufactureCountry>ישראל</ManufactureCountry><ManufacturerItemDescription>ספרינג תפוזים 1.5 ל</ManufacturerItemDescription><SoldByWeight/><Quantity>1500.00</Quantity><UnitOfMeasure>מ"ל</UnitOfMeasure><QtyInPackage>לא ידוע</QtyInPackage><UnitOfMeasurePrice>0.0046</UnitOfMeasurePrice><AllowDiscount>1</AllowDiscount><ItemStatus>1</ItemStatus><ItemPrice>6.90</ItemPrice></item><item><PriceUpdateDate>2016-03-16 13:06:20</PriceUpdateDate><ItemCode>7290000260853</ItemCode><ItemType>1</ItemType><ItemName>ספרינג 1.5 ליטר טעם</ItemName><ManufacturerName>ספרינג</ManufacturerName><ManufactureCountry>ישראל</ManufactureCountry><ManufacturerItemDescription>ספרינג מנגו 1.5 ל</ManufacturerItemDescription><SoldByWeight/><Quantity>1500.00</Quantity><UnitOfMeasure>מ"ל</UnitOfMeasure><QtyInPackage>לא ידוע</QtyInPackage><UnitOfMeasurePrice>0.0046</UnitOfMeasurePrice><AllowDiscount>1</AllowDiscount><ItemStatus>1</ItemStatus><ItemPrice>6.90</ItemPrice></item><item><PriceUpdateDate>2016-03-16 13:06:20</PriceUpdateDate><ItemCode>7290000260860</ItemCode><ItemType>1</ItemType><ItemName>ספרינג 1.5 ליטר טעם</ItemName><ManufacturerName>ספרינג</ManufacturerName><ManufactureCountry>ישראל</ManufactureCountry><ManufacturerItemDescription>ספרינג אפרסק 1.5 ל</ManufacturerItemDescription><SoldByWeight/><Quantity>1500.00</Quantity><UnitOfMeasure>מ"ל</UnitOfMeasure><QtyInPackage>לא ידוע</QtyInPackage><UnitOfMeasurePrice>0.0046</UnitOfMeasurePrice><AllowDiscount>1</AllowDiscount><ItemStatus>1</ItemStatus><ItemPrice>6.90</ItemPrice></item><item><PriceUpdateDate>2016-03-16 13:06:20</PriceUpdateDate><ItemCode>7290000260969</ItemCode><ItemType>1</ItemType><ItemName>ספרינג 1.5 ליטר דיאט</ItemName><ManufacturerName>ספרינג</ManufacturerName><ManufactureCountry>ישראל</ManufactureCountry><ManufacturerItemDescription>ספרינג 1.5 ליטר דיאט</ManufacturerItemDescription><SoldByWeight/><Quantity>1500.00</Quantity><UnitOfMeasure>מ"ל</UnitOfMeasure><QtyInPackage>לא ידוע</QtyInPackage><UnitOfMeasurePrice>0.0046</UnitOfMeasurePrice><AllowDiscount>1</AllowDiscount><ItemStatus>1</ItemStatus><ItemPrice>6.90</ItemPrice></item><item><PriceUpdateDate>2016-01-04 21:30:21</PriceUpdateDate><ItemCode>7290000262031</ItemCode><ItemType>1</ItemType><ItemName>מב נייר טואלט מולט 3</ItemName><ManufacturerName>מולט</ManufacturerName><ManufactureCountry>ישראל</ManufactureCountry><ManufacturerItemDescription>נ.ט.מולט לבבות 32 יחידות</ManufacturerItemDescription><SoldByWeight/><Quantity>0.00</Quantity><UnitOfMeasure>יח'</UnitOfMeasure><QtyInPackage>לא ידוע</QtyInPackage><UnitOfMeasurePrice>0.0000</UnitOfMeasurePrice><AllowDiscount>1</AllowDiscount><ItemStatus>1</ItemStatus><ItemPrice>29.90</ItemPrice></item><item><PriceUpdateDate>2016-05-03 07:12:07</PriceUpdateDate><ItemCode>7290000263250</ItemCode><ItemType>1</ItemType><ItemName>מב מגבונים לחים טיטו</ItemName><ManufacturerName>טיטולים פרמיום</ManufacturerName><ManufactureCountry>ישראל</ManufactureCountry><ManufacturerItemDescription>מב מגבונים לחים טיטו</ManufacturerItemDescription><SoldByWeight/><Quantity>4.00</Quantity><UnitOfMeasure>יח'</UnitOfMeasure><QtyInPackage>לא ידוע</QtyInPackage><UnitOfMeasurePrice>4.2250</UnitOfMeasurePrice><AllowDiscount>1</AllowDiscount><ItemStatus>1</ItemStatus><ItemPrice>16.90</ItemPrice></item><item><PriceUpdateDate>2015-09-30 23:47:44</PriceUpdateDate><ItemCode>7290000272696</ItemCode><ItemType>1</ItemType><ItemName>מיץ לימון טבעי עסיס</ItemName><ManufacturerName>עסיס</ManufacturerName><ManufactureCountry>ישראל</ManufactureCountry><ManufacturerItemDescription>מיץ לימון טבעי עסיס</ManufacturerItemDescription><SoldByWeight/><Quantity>1000.00</Quantity><UnitOfMeasure>מ"ל</UnitOfMeasure><QtyInPackage>לא ידוע</QtyInPackage><UnitOfMeasurePrice>0.0117</UnitOfMeasurePrice><AllowDiscount>1</AllowDiscount><ItemStatus>1</ItemStatus><ItemPrice>11.70</ItemPrice></item><item><PriceUpdateDate>2016-03-16 14:00:29</PriceUpdateDate><ItemCode>7290000272726</ItemCode><ItemType>1</ItemType><ItemName>חומץ עסיס 1 ליטר</ItemName><ManufacturerName>עסיס</ManufacturerName><ManufactureCountry>ישראל</ManufactureCountry><ManufacturerItemDescription>חומץ עסיס 1 ליטר</ManufacturerItemDescription><SoldByWeight/><Quantity>1000.00</Quantity><UnitOfMeasure>מ"ל</UnitOfMeasure><QtyInPackage>לא ידוע</QtyInPackage><UnitOfMeasurePrice>0.0069</UnitOfMeasurePrice><AllowDiscount>1</AllowDiscount><ItemStatus>1</ItemStatus><ItemPrice>6.90</ItemPrice></item><item><PriceUpdateDate>2016-03-29 07:10:47</PriceUpdateDate><ItemCode>7290000275901</ItemCode><ItemType>1</ItemType><ItemName>צבר מלך החומוס חומוס</ItemName><ManufacturerName>צבר</ManufacturerName><ManufactureCountry>לא ידוע</ManufactureCountry><ManufacturerItemDescription>צבר מלך החומוס חומוס</ManufacturerItemDescription><SoldByWeight/><Quantity>400.00</Quantity><UnitOfMeasure>גרם     </UnitOfMeasure><QtyInPackage>לא ידוע</QtyInPackage><UnitOfMeasurePrice>0.0422</UnitOfMeasurePrice><AllowDiscount>1</AllowDiscount><ItemStatus>1</ItemStatus><ItemPrice>16.90</ItemPrice></item><item><PriceUpdateDate>2016-05-02 08:00:05</PriceUpdateDate><ItemCode>7290000281252</ItemCode><ItemType>1</ItemType><ItemName>ס.פרלמנט ארוך בודד</ItemName><ManufacturerName>פארלמנט</ManufacturerName><ManufactureCountry>ישראל</ManufactureCountry><ManufacturerItemDescription>ס.פרלמנט ארוך בודד</ManufacturerItemDescription><SoldByWeight/><Quantity>0.00</Quantity><UnitOfMeasure>יח'</UnitOfMeasure><QtyInPackage>לא ידוע</QtyInPackage><UnitOfMeasurePrice>0.0000</UnitOfMeasurePrice><AllowDiscount>1</AllowDiscount><ItemStatus>1</ItemStatus><ItemPrice>38.00</ItemPrice></item><item><PriceUpdateDate>2016-05-02 08:00:05</PriceUpdateDate><ItemCode>7290000281492</ItemCode><ItemType>1</ItemType><ItemName>ס.פרלמנט קצר בודד</ItemName><ManufacturerName>פארלמנט</ManufacturerName><ManufactureCountry>ישראל</ManufactureCountry><ManufacturerItemDescription>ס.פרלמנט קצר בודד</ManufacturerItemDescription><SoldByWeight/><Quantity>0.00</Quantity><UnitOfMeasure>יח'</UnitOfMeasure><QtyInPackage>לא ידוע</QtyInPackage><UnitOfMeasurePrice>0.0000</UnitOfMeasurePrice><AllowDiscount>1</AllowDiscount><ItemStatus>1</ItemStatus><ItemPrice>38.00</ItemPrice></item><item><PriceUpdateDate>2016-05-02 08:00:05</PriceUpdateDate><ItemCode>7290000283352</ItemCode><ItemType>1</ItemType><ItemName>ס.מרלבורו רד קצר בוק</ItemName><ManufacturerName>מרלבורו</ManufacturerName><ManufactureCountry>ישראל</ManufactureCountry><ManufacturerItemDescription>ס.מרלבורו רד קצר בוק</ManufacturerItemDescription><SoldByWeight/><Quantity>0.00</Quantity><UnitOfMeasure>יח'</UnitOfMeasure><QtyInPackage>לא ידוע</QtyInPackage><UnitOfMeasurePrice>0.0000</UnitOfMeasurePrice><AllowDiscount>1</AllowDiscount><ItemStatus>1</ItemStatus><ItemPrice>35.00</ItemPrice></item><item><PriceUpdateDate>2015-09-30 23:47:44</PriceUpdateDate><ItemCode>7290000284316</ItemCode><ItemType>1</ItemType><ItemName>קוקה קולה 1.5 ליטר</ItemName><ManufacturerName>קוקה קולה</ManufacturerName><ManufactureCountry>ישראל</ManufactureCountry><ManufacturerItemDescription>קוקה קולה 1.5 ליטר</ManufacturerItemDescription><SoldByWeight/><Quantity>1500.00</Quantity><UnitOfMeasure>מ"ל</UnitOfMeasure><QtyInPackage>לא ידוע</QtyInPackage><UnitOfMeasurePrice>0.0043</UnitOfMeasurePrice><AllowDiscount>1</AllowDiscount><ItemStatus>1</ItemStatus><ItemPrice>6.40</ItemPrice></item><item><PriceUpdateDate>2015-11-15 20:32:44</PriceUpdateDate><ItemCode>7290000284347</ItemCode><ItemType>1</ItemType><ItemName>קינלי סודה 1.5 ליטר</ItemName><ManufacturerName>קינלי</ManufacturerName><ManufactureCountry>ישראל</ManufactureCountry><ManufacturerItemDescription>סודה קינלי 1.5 ליטר</ManufacturerItemDescription><SoldByWeight/><Quantity>1500.00</Quantity><UnitOfMeasure>מ"ל</UnitOfMeasure><QtyInPackage>לא ידוע</QtyInPackage><UnitOfMeasurePrice>0.0030</UnitOfMeasurePrice><AllowDiscount>1</AllowDiscount><ItemStatus>1</ItemStatus><ItemPrice>4.50</ItemPrice></item><item><PriceUpdateDate>2016-03-16 13:06:20</PriceUpdateDate><ItemCode>7290000284361</ItemCode><ItemType>1</ItemType><ItemName>קוקה קולה דיאט 1.5 ל</ItemName><ManufacturerName>דיאט קוקה קולה</ManufacturerName><ManufactureCountry>ישראל</ManufactureCountry><ManufacturerItemDescription>קולה דיאט 1.5 ל</ManufacturerItemDescription><SoldByWeight/><Quantity>1500.00</Quantity><UnitOfMeasure>מ"ל</UnitOfMeasure><QtyInPackage>לא ידוע</QtyInPackage><UnitOfMeasurePrice>0.0046</UnitOfMeasurePrice><AllowDiscount>1</AllowDiscount><ItemStatus>1</ItemStatus><ItemPrice>6.90</ItemPrice></item><item><PriceUpdateDate>2016-03-16 13:06:21</PriceUpdateDate><ItemCode>7290000284743</ItemCode><ItemType>1</ItemType><ItemName>קוקה קולה נטול קופאי</ItemName><ManufacturerName>דיאט קולה נטול קופאי</ManufacturerName><ManufactureCountry>ישראל</ManufactureCountry><ManufacturerItemDescription>קולה דיאט נטול קפאין 1.5</ManufacturerItemDescription><SoldByWeight/><Quantity>1500.00</Quantity><UnitOfMeasure>מ"ל</UnitOfMeasure><QtyInPackage>לא ידוע</QtyInPackage><UnitOfMeasurePrice>0.0046</UnitOfMeasurePrice><AllowDiscount>1</AllowDiscount><ItemStatus>1</ItemStatus><ItemPrice>6.90</ItemPrice></item><item><PriceUpdateDate>2016-05-02 08:00:05</PriceUpdateDate><ItemCode>7290000285272</ItemCode><ItemType>1</ItemType><ItemName>ס.אל אם בלו קצר בודד</ItemName><ManufacturerName>אל אם</ManufacturerName><ManufactureCountry>ישראל</ManufactureCountry><ManufacturerItemDescription>ס.אל אם בלו קצר בודד</ManufacturerItemDescription><SoldByWeight/><Quantity>0.00</Quantity><UnitOfMeasure>יח'</UnitOfMeasure><QtyInPackage>לא ידוע</QtyInPackage><UnitOfMeasurePrice>0.0000</UnitOfMeasurePrice><AllowDiscount>1</AllowDiscount><ItemStatus>1</ItemStatus><ItemPrice>32.00</ItemPrice></item><item><PriceUpdateDate>2016-05-02 08:00:05</PriceUpdateDate><ItemCode>7290000285452</ItemCode><ItemType>1</ItemType><ItemName>ס.אל אם רד קצר בודד</ItemName><ManufacturerName>אל אם</ManufacturerName><ManufactureCountry>ישראל</ManufactureCountry><ManufacturerItemDescription>ס.אל אם רד קצר בודד</ManufacturerItemDescription><SoldByWeight/><Quantity>0.00</Quantity><UnitOfMeasure>יח'</UnitOfMeasure><QtyInPackage>לא ידוע</QtyInPackage><UnitOfMeasurePrice>0.0000</UnitOfMeasurePrice><AllowDiscount>1</AllowDiscount><ItemStatus>1</ItemStatus><ItemPrice>32.00</ItemPrice></item><item><PriceUpdateDate>2015-11-15 20:32:44</PriceUpdateDate><ItemCode>7290000285849</ItemCode><ItemType>1</ItemType><ItemName>שוופס סודה 5. 1 ליטר</ItemName><ManufacturerName>שוופס</ManufacturerName><ManufactureCountry>ישראל</ManufactureCountry><ManufacturerItemDescription>סודה שוופס 1.5 ל</ManufacturerItemDescription><SoldByWeight/><Quantity>1500.00</Quantity><UnitOfMeasure>מ"ל</UnitOfMeasure><QtyInPackage>לא ידוע</QtyInPackage><UnitOfMeasurePrice>0.0032</UnitOfMeasurePrice><AllowDiscount>1</AllowDiscount><ItemStatus>1</ItemStatus><ItemPrice>4.80</ItemPrice></item><item><PriceUpdateDate>2016-05-01 10:23:59</PriceUpdateDate><ItemCode>7290000286228</ItemCode><ItemType>1</ItemType><ItemName>מב סנו סושי כריות יפ</ItemName><ManufacturerName>סנו סושי</ManufacturerName><ManufactureCountry>ישראל</ManufactureCountry><ManufacturerItemDescription>מב סנו סושי כריות יפ</ManufacturerItemDescription><SoldByWeight/><Quantity>0.00</Quantity><UnitOfMeasure>יח'</UnitOfMeasure><QtyInPackage>לא ידוע</QtyInPackage><UnitOfMeasurePrice>0.0000</UnitOfMeasurePrice><AllowDiscount>1</AllowDiscount><ItemStatus>1</ItemStatus><ItemPrice>10.90</ItemPrice></item><item><PriceUpdateDate>2016-05-01 12:05:17</PriceUpdateDate><ItemCode>7290000286297</ItemCode><ItemType>1</ItemType><ItemName>סנו מסיר אבן 700 מ"ל</ItemName><ManufacturerName>סנו</ManufacturerName><ManufactureCountry>ישראל</ManufactureCountry><ManufacturerItemDescription>מסיר אבן מקומקום/פרקולטור</ManufacturerItemDescription><SoldByWeight/><Quantity>700.00</Quantity><UnitOfMeasure>מ"ל</UnitOfMeasure><QtyInPackage>לא ידוע</QtyInPackage><UnitOfMeasurePrice>0.0184</UnitOfMeasurePrice><AllowDiscount>1</AllowDiscount><ItemStatus>1</ItemStatus><ItemPrice>12.90</ItemPrice></item><item><PriceUpdateDate>2016-05-01 12:05:17</PriceUpdateDate><ItemCode>7290000286921</ItemCode><ItemType>1</ItemType><ItemName>מסיר כתמים סנו רסס ו</ItemName><ManufacturerName>לא ממותג</ManufacturerName><ManufactureCountry>ישראל</ManufactureCountry><ManufacturerItemDescription>מסיר כתמים סנו רסס ו</ManufacturerItemDescription><SoldByWeight/><Quantity>600.00</Quantity><UnitOfMeasure>מ"ל</UnitOfMeasure><QtyInPackage>לא ידוע</QtyInPackage><UnitOfMeasurePrice>0.0282</UnitOfMeasurePrice><AllowDiscount>1</AllowDiscount><ItemStatus>1</ItemStatus><ItemPrice>16.90</ItemPrice></item><item><PriceUpdateDate>2015-05-03 19:39:36</PriceUpdateDate><ItemCode>7290000286945</ItemCode><ItemType>1</ItemType><ItemName>סנו רהיט נוזלי+אקדח</ItemName><ManufacturerName>סנו רהיט</ManufacturerName><ManufactureCountry>ישראל</ManufactureCountry><ManufacturerItemDescription>סנו רהיט נוזלי+אקדח</ManufacturerItemDescription><SoldByWeight/><Quantity>500.00</Quantity><UnitOfMeasure>מ"ל</UnitOfMeasure><QtyInPackage>לא ידוע</QtyInPackage><UnitOfMeasurePrice>0.0648</UnitOfMeasurePrice><AllowDiscount>1</AllowDiscount><ItemStatus>1</ItemStatus><ItemPrice>32.40</ItemPrice></item><item><PriceUpdateDate>2014-12-01 06:28:37</PriceUpdateDate><ItemCode>7290000287355</ItemCode><ItemType>1</ItemType><ItemName>סנו סופר פוליש מבריק</ItemName><ManufacturerName>לא ידוע</ManufacturerName><ManufactureCountry>ישראל</ManufactureCountry><ManufacturerItemDescription>סנו סופר פוליש מבריק</ManufacturerItemDescription><SoldByWeight/><Quantity>1000.00</Quantity><UnitOfMeasure>מ"ל</UnitOfMeasure><QtyInPackage>לא ידוע</QtyInPackage><UnitOfMeasurePrice>0.0344</UnitOfMeasurePrice><AllowDiscount>1</AllowDiscount><ItemStatus>1</ItemStatus><ItemPrice>34.40</ItemPrice></item><item><PriceUpdateDate>2016-05-02 08:00:05</PriceUpdateDate><ItemCode>7290000287462</ItemCode><ItemType>1</ItemType><ItemName>ס.פרלמנט ארוך בלו בו</ItemName><ManufacturerName>פארלמנט</ManufacturerName><ManufactureCountry>ישראל</ManufactureCountry><ManufacturerItemDescription>ס.פרלמנט ארוך בלו בו</ManufacturerItemDescription><SoldByWeight/><Quantity>0.00</Quantity><UnitOfMeasure>יח'</UnitOfMeasure><QtyInPackage>לא ידוע</QtyInPackage><UnitOfMeasurePrice>0.0000</UnitOfMeasurePrice><AllowDiscount>1</AllowDiscount><ItemStatus>1</ItemStatus><ItemPrice>38.00</ItemPrice></item><item><PriceUpdateDate>2016-05-01 12:05:17</PriceUpdateDate><ItemCode>7290000287485</ItemCode><ItemType>1</ItemType><ItemName>סנו סנובון שלישיות צ</ItemName><ManufacturerName>לא ידוע</ManufacturerName><ManufactureCountry>ישראל</ManufactureCountry><ManufacturerItemDescription>סנו סנובון שלישיות צ</ManufacturerItemDescription><SoldByWeight/><Quantity>0.00</Quantity><UnitOfMeasure>גרם     </UnitOfMeasure><QtyInPackage>לא ידוע</QtyInPackage><UnitOfMeasurePrice>0.0000</UnitOfMeasurePrice><AllowDiscount>1</AllowDiscount><ItemStatus>1</ItemStatus><ItemPrice>15.90</ItemPrice></item><item><PriceUpdateDate>2015-10-21 07:12:48</PriceUpdateDate><ItemCode>7290000288017</ItemCode><ItemType>1</ItemType><ItemName>סנו ז'אוול אקונומיקה</ItemName><ManufacturerName>ז'אוול</ManufacturerName><ManufactureCountry>ישראל</ManufactureCountry><ManufacturerItemDescription>אקונומיקה JAVEL ל.לימון</ManufacturerItemDescription><SoldByWeight/><Quantity>1000.00</Quantity><UnitOfMeasure>מ"ל</UnitOfMeasure><QtyInPackage>לא ידוע</QtyInPackage><UnitOfMeasurePrice>0.0094</UnitOfMeasurePrice><AllowDiscount>1</AllowDiscount><ItemStatus>1</ItemStatus><ItemPrice>9.40</ItemPrice></item><item><PriceUpdateDate>2016-02-03 06:19:40</PriceUpdateDate><ItemCode>7290000288024</ItemCode><ItemType>1</ItemType><ItemName>סנו ז'אוול אקונומיקה</ItemName><ManufacturerName>ז'אוול</ManufacturerName><ManufactureCountry>ישראל</ManufactureCountry><ManufacturerItemDescription>אקונומיקה JAVEL ל .לימון</ManufacturerItemDescription><SoldByWeight/><Quantity>4000.00</Quantity><UnitOfMeasure>מ"ל</UnitOfMeasure><QtyInPackage>לא ידוע</QtyInPackage><UnitOfMeasurePrice>0.0037</UnitOfMeasurePrice><AllowDiscount>0</AllowDiscount><ItemStatus>1</ItemStatus><ItemPrice>14.90</ItemPrice></item><item><PriceUpdateDate>2015-11-15 20:35:03</PriceUpdateDate><ItemCode>7290000288031</ItemCode><ItemType>1</ItemType><ItemName>סנו אקונומיקה תו תקן</ItemName><ManufacturerName>ז'אוול</ManufacturerName><ManufactureCountry>ישראל</ManufactureCountry><ManufacturerItemDescription>סנו אקונומיקה תו תקן</ManufacturerItemDescription><SoldByWeight/><Quantity>4000.00</Quantity><UnitOfMeasure>מ"ל</UnitOfMeasure><QtyInPackage>לא ידוע</QtyInPackage><UnitOfMeasurePrice>0.0034</UnitOfMeasurePrice><AllowDiscount>1</AllowDiscount><ItemStatus>1</ItemStatus><ItemPrice>13.50</ItemPrice></item><item><PriceUpdateDate>2016-05-01 12:05:17</PriceUpdateDate><ItemCode>7290000288048</ItemCode><ItemType>1</ItemType><ItemName>סנו ז'אוול קצף ניקוי</ItemName><ManufacturerName>ז'אוול</ManufacturerName><ManufactureCountry>ישראל</ManufactureCountry><ManufacturerItemDescription>סנו ז'אוול קצף ניקוי</ManufacturerItemDescription><SoldByWeight/><Quantity>1000.00</Quantity><UnitOfMeasure>מ"ל</UnitOfMeasure><QtyInPackage>לא ידוע</QtyInPackage><UnitOfMeasurePrice>0.0199</UnitOfMeasurePrice><AllowDiscount>1</AllowDiscount><ItemStatus>1</ItemStatus><ItemPrice>19.90</ItemPrice></item><item><PriceUpdateDate>2016-05-02 08:00:05</PriceUpdateDate><ItemCode>7290000288192</ItemCode><ItemType>1</ItemType><ItemName>ס.מרלבורו גולד ארוך</ItemName><ManufacturerName>מרלבורו</ManufacturerName><ManufactureCountry>ישראל</ManufactureCountry><ManufacturerItemDescription>ס.מרלבורו גולד ארוך</ManufacturerItemDescription><SoldByWeight/><Quantity>0.00</Quantity><UnitOfMeasure>יח'</UnitOfMeasure><QtyInPackage>לא ידוע</QtyInPackage><UnitOfMeasurePrice>0.0000</UnitOfMeasurePrice><AllowDiscount>1</AllowDiscount><ItemStatus>1</ItemStatus><ItemPrice>35.00</ItemPrice></item><item><PriceUpdateDate>2016-05-01 12:05:17</PriceUpdateDate><ItemCode>7290000288352</ItemCode><ItemType>1</ItemType><ItemName>סנו K300 קוטל חרקים</ItemName><ManufacturerName>K-300</ManufacturerName><ManufactureCountry>ישראל</ManufactureCountry><ManufacturerItemDescription>משמיד חרקים K300 סמק</ManufacturerItemDescription><SoldByWeight/><Quantity>630.00</Quantity><UnitOfMeasure>מ"ל</UnitOfMeasure><QtyInPackage>לא ידוע</QtyInPackage><UnitOfMeasurePrice>0.0348</UnitOfMeasurePrice><AllowDiscount>1</AllowDiscount><ItemStatus>1</ItemStatus><ItemPrice>21.90</ItemPrice></item><item><PriceUpdateDate>2016-05-02 08:00:05</PriceUpdateDate><ItemCode>7290000288692</ItemCode><ItemType>1</ItemType><ItemName>ס.מרלבורו גולד קצר ב</ItemName><ManufacturerName>מרלבורו</ManufacturerName><ManufactureCountry>ישראל</ManufactureCountry><ManufacturerItemDescription>ס.מרלבורו גולד קצר ב</ManufacturerItemDescription><SoldByWeight/><Quantity>0.00</Quantity><UnitOfMeasure>יח'</UnitOfMeasure><QtyInPackage>לא ידוע</QtyInPackage><UnitOfMeasurePrice>0.0000</UnitOfMeasurePrice><AllowDiscount>1</AllowDiscount><ItemStatus>1</ItemStatus><ItemPrice>35.00</ItemPrice></item><item><PriceUpdateDate>2014-12-01 06:28:37</PriceUpdateDate><ItemCode>7290000288840</ItemCode><ItemType>1</ItemType><ItemName>מים מזוקקים סנו 2 לי</ItemName><ManufacturerName>לא ידוע</ManufacturerName><ManufactureCountry>ישראל</ManufactureCountry><ManufacturerItemDescription>מים מזוקקים 2 ל</ManufacturerItemDescription><SoldByWeight/><Quantity>2000.00</Quantity><UnitOfMeasure>מ"ל</UnitOfMeasure><QtyInPackage>לא ידוע</QtyInPackage><UnitOfMeasurePrice>0.0086</UnitOfMeasurePrice><AllowDiscount>1</AllowDiscount><ItemStatus>1</ItemStatus><ItemPrice>17.10</ItemPrice></item><item><PriceUpdateDate>2016-03-01 06:44:16</PriceUpdateDate><ItemCode>7290000289380</ItemCode><ItemType>1</ItemType><ItemName>סנו ז'אוול C.W ג'ל 7</ItemName><ManufacturerName>סנו</ManufacturerName><ManufactureCountry>ישראל</ManufactureCountry><ManufacturerItemDescription>סנו ז'אוול C.W ג'ל 7</ManufacturerItemDescription><SoldByWeight/><Quantity>750.00</Quantity><UnitOfMeasure>מ"ל</UnitOfMeasure><QtyInPackage>לא ידוע</QtyInPackage><UnitOfMeasurePrice>0.0199</UnitOfMeasurePrice><AllowDiscount>1</AllowDiscount><ItemStatus>1</ItemStatus><ItemPrice>14.90</ItemPrice></item><item><PriceUpdateDate>2015-10-27 06:51:30</PriceUpdateDate><ItemCode>7290000289472</ItemCode><ItemType>1</ItemType><ItemName>שקיות אשפה 50 יחי  9</ItemName><ManufacturerName>סנו סושי</ManufacturerName><ManufactureCountry>ישראל</ManufactureCountry><ManufacturerItemDescription>שקיות אשפה סנו סושי50 יח</ManufacturerItemDescription><SoldByWeight/><Quantity>0.00</Quantity><UnitOfMeasure>יח'</UnitOfMeasure><QtyInPackage>לא ידוע</QtyInPackage><UnitOfMeasurePrice>0.0000</UnitOfMeasurePrice><AllowDiscount>1</AllowDiscount><ItemStatus>1</ItemStatus><ItemPrice>26.40</ItemPrice></item><item><PriceUpdateDate>2016-05-01 10:24:02</PriceUpdateDate><ItemCode>7290000289748</ItemCode><ItemType>1</ItemType><ItemName>מב מסיר שומנים פורטה</ItemName><ManufacturerName>סנו</ManufacturerName><ManufactureCountry>ישראל</ManufactureCountry><ManufacturerItemDescription>מסיר שומנים פורטה פלוס750</ManufacturerItemDescription><SoldByWeight/><Quantity>750.00</Quantity><UnitOfMeasure>מ"ל</UnitOfMeasure><QtyInPackage>לא ידוע</QtyInPackage><UnitOfMeasurePrice>0.0199</UnitOfMeasurePrice><AllowDiscount>1</AllowDiscount><ItemStatus>1</ItemStatus><ItemPrice>14.90</ItemPrice></item><item><PriceUpdateDate>2016-05-01 10:24:02</PriceUpdateDate><ItemCode>7290000289885</ItemCode><ItemType>1</ItemType><ItemName>מב סנו פרש יבש 375 מ</ItemName><ManufacturerName>סנו פרש</ManufacturerName><ManufactureCountry>ישראל</ManufactureCountry><ManufacturerItemDescription>מ.אויר סנופרש ענק אושנברי</ManufacturerItemDescription><SoldByWeight/><Quantity>375.00</Quantity><UnitOfMeasure>מ"ל</UnitOfMeasure><QtyInPackage>לא ידוע</QtyInPackage><UnitOfMeasurePrice>0.0264</UnitOfMeasurePrice><AllowDiscount>1</AllowDiscount><ItemStatus>1</ItemStatus><ItemPrice>9.90</ItemPrice></item><item><PriceUpdateDate>2016-02-02 05:55:53</PriceUpdateDate><ItemCode>7290000293073</ItemCode><ItemType>1</ItemType><ItemName>מב מרכך כביסה מקסימה</ItemName><ManufacturerName>סנו מקסימה</ManufacturerName><ManufactureCountry>ישראל</ManufactureCountry><ManufacturerItemDescription>מרכך כביסה מקסימה ביו 4</ManufacturerItemDescription><SoldByWeight/><Quantity>4000.00</Quantity><UnitOfMeasure>מ"ל</UnitOfMeasure><QtyInPackage>לא ידוע</QtyInPackage><UnitOfMeasurePrice>0.0055</UnitOfMeasurePrice><AllowDiscount>1</AllowDiscount><ItemStatus>1</ItemStatus><ItemPrice>21.90</ItemPrice></item><item><PriceUpdateDate>2016-03-01 07:13:15</PriceUpdateDate><ItemCode>7290000293561</ItemCode><ItemType>1</ItemType><ItemName>סנו מסיר עובש בתרסיס</ItemName><ManufacturerName>סנו</ManufacturerName><ManufactureCountry>ישראל</ManufactureCountry><ManufacturerItemDescription>סנו מסיר עובש בתרסיס</ManufacturerItemDescription><SoldByWeight/><Quantity>750.00</Quantity><UnitOfMeasure>מ"ל</UnitOfMeasure><QtyInPackage>לא ידוע</QtyInPackage><UnitOfMeasurePrice>0.0305</UnitOfMeasurePrice><AllowDiscount>1</AllowDiscount><ItemStatus>1</ItemStatus><ItemPrice>22.90</ItemPrice></item><item><PriceUpdateDate>2016-05-01 12:05:18</PriceUpdateDate><ItemCode>7290000293943</ItemCode><ItemType>1</ItemType><ItemName>סנו אנטי קלאק מרסס 1</ItemName><ManufacturerName>אנטי קאלק</ManufacturerName><ManufactureCountry>ישראל</ManufactureCountry><ManufacturerItemDescription>מסיר אבנית אנטיקאלק מתז1</ManufacturerItemDescription><SoldByWeight/><Quantity>1000.00</Quantity><UnitOfMeasure>מ"ל</UnitOfMeasure><QtyInPackage>לא ידוע</QtyInPackage><UnitOfMeasurePrice>0.0219</UnitOfMeasurePrice><AllowDiscount>1</AllowDiscount><ItemStatus>1</ItemStatus><ItemPrice>21.90</ItemPrice></item><item><PriceUpdateDate>2016-02-03 06:19:40</PriceUpdateDate><ItemCode>7290000294780</ItemCode><ItemType>1</ItemType><ItemName>סנו ז'אוול אקונומיקה</ItemName><ManufacturerName>ז'אוול</ManufacturerName><ManufactureCountry>ישראל</ManufactureCountry><ManufacturerItemDescription>אקונומיקה JAVEL ל .סמיכה</ManufacturerItemDescription><SoldByWeight/><Quantity>4000.00</Quantity><UnitOfMeasure>מ"ל</UnitOfMeasure><QtyInPackage>לא ידוע</QtyInPackage><UnitOfMeasurePrice>0.0037</UnitOfMeasurePrice><AllowDiscount>0</AllowDiscount><ItemStatus>1</ItemStatus><ItemPrice>14.90</ItemPrice></item><item><PriceUpdateDate>2016-05-01 10:24:03</PriceUpdateDate><ItemCode>7290000295121</ItemCode><ItemType>1</ItemType><ItemName>מב מטלית ריצפה זיג ז</ItemName><ManufacturerName>לא ידוע</ManufacturerName><ManufactureCountry>ישראל</ManufactureCountry><ManufacturerItemDescription>מטלית רצפה זיג זג</ManufacturerItemDescription><SoldByWeight/><Quantity>0.00</Quantity><UnitOfMeasure>יח'</UnitOfMeasure><QtyInPackage>לא ידוע</QtyInPackage><UnitOfMeasurePrice>0.0000</UnitOfMeasurePrice><AllowDiscount>1</AllowDiscount><ItemStatus>1</ItemStatus><ItemPrice>10.90</ItemPrice></item><item><PriceUpdateDate>2016-05-01 10:24:03</PriceUpdateDate><ItemCode>7290000295367</ItemCode><ItemType>1</ItemType><ItemName>מב אבקת כביסה מקסימה</ItemName><ManufacturerName>סנו מקסימה</ManufacturerName><ManufactureCountry>ישראל</ManufactureCountry><ManufacturerItemDescription>מב אבקת כביסה מקסימה</ManufacturerItemDescription><SoldByWeight/><Quantity>2500.00</Quantity><UnitOfMeasure>גרם     </UnitOfMeasure><QtyInPackage>לא ידוע</QtyInPackage><UnitOfMeasurePrice>0.0104</UnitOfMeasurePrice><AllowDiscount>0</AllowDiscount><ItemStatus>1</ItemStatus><ItemPrice>25.90</ItemPrice></item><item><PriceUpdateDate>2016-03-29 07:28:27</PriceUpdateDate><ItemCode>7290000295404</ItemCode><ItemType>1</ItemType><ItemName>מב שקיות אשפה 60 יחי</ItemName><ManufacturerName>סנו סושי</ManufacturerName><ManufactureCountry>ישראל</ManufactureCountry><ManufacturerItemDescription>שקיות אשפה סנו סושי60 יח</ManufacturerItemDescription><SoldByWeight/><Quantity>1.00</Quantity><UnitOfMeasure>יח'</UnitOfMeasure><QtyInPackage>לא ידוע</QtyInPackage><UnitOfMeasurePrice>22.9000</UnitOfMeasurePrice><AllowDiscount>1</AllowDiscount><ItemStatus>1</ItemStatus><ItemPrice>22.90</ItemPrice></item><item><PriceUpdateDate>2016-05-01 10:24:03</PriceUpdateDate><ItemCode>7290000295558</ItemCode><ItemType>1</ItemType><ItemName>רדיד אלמניום סנו סוש</ItemName><ManufacturerName>סנו סושי</ManufacturerName><ManufactureCountry>ישראל</ManufactureCountry><ManufacturerItemDescription>רדיד אלמניום סנו סוש</ManufacturerItemDescription><SoldByWeight/><Quantity>1.00</Quantity><UnitOfMeasure>יח'</UnitOfMeasure><QtyInPackage>לא ידוע</QtyInPackage><UnitOfMeasurePrice>10.9000</UnitOfMeasurePrice><AllowDiscount>1</AllowDiscount><ItemStatus>1</ItemStatus><ItemPrice>10.90</ItemPrice></item><item><PriceUpdateDate>2015-11-02 17:19:55</PriceUpdateDate><ItemCode>7290000303598</ItemCode><ItemType>1</ItemType><ItemName>שעועית במיץ עגבניות</ItemName><ManufacturerName>לא ידוע</ManufacturerName><ManufactureCountry>ישראל</ManufactureCountry><ManufacturerItemDescription>שעועית לבנה אפויה ברוטב 5</ManufacturerItemDescription><SoldByWeight/><Quantity>355.00</Quantity><UnitOfMeasure>גרם     </UnitOfMeasure><QtyInPackage>לא ידוע</QtyInPackage><UnitOfMeasurePrice>0.0231</UnitOfMeasurePrice><AllowDiscount>1</AllowDiscount><ItemStatus>1</ItemStatus><ItemPrice>8.20</ItemPrice></item><item><PriceUpdateDate>2015-11-02 17:19:55</PriceUpdateDate><ItemCode>7290000303604</ItemCode><ItemType>1</ItemType><ItemName>חומוס גרגירים 340 גר</ItemName><ManufacturerName>פרי הגליל</ManufacturerName><ManufactureCountry>ישראל</ManufactureCountry><ManufacturerItemDescription>חומוס גרגרים שלם</ManufacturerItemDescription><SoldByWeight/><Quantity>340.00</Quantity><UnitOfMeasure>גרם     </UnitOfMeasure><QtyInPackage>לא ידוע</QtyInPackage><UnitOfMeasurePrice>0.0215</UnitOfMeasurePrice><AllowDiscount>1</AllowDiscount><ItemStatus>1</ItemStatus><ItemPrice>7.30</ItemPrice></item><item><PriceUpdateDate>2015-11-02 17:19:55</PriceUpdateDate><ItemCode>7290000307015</ItemCode><ItemType>1</ItemType><ItemName>אפונה גדולה 560 גרם</ItemName><ManufacturerName>פרי הגליל</ManufacturerName><ManufactureCountry>ישראל</ManufactureCountry><ManufacturerItemDescription>אפונה בינונית 550 גרם</ManufacturerItemDescription><SoldByWeight/><Quantity>335.00</Quantity><UnitOfMeasure>גרם     </UnitOfMeasure><QtyInPackage>לא ידוע</QtyInPackage><UnitOfMeasurePrice>0.0218</UnitOfMeasurePrice><AllowDiscount>1</AllowDiscount><ItemStatus>1</ItemStatus><ItemPrice>7.30</ItemPrice></item><item><PriceUpdateDate>2015-11-02 17:19:55</PriceUpdateDate><ItemCode>7290000307046</ItemCode><ItemType>1</ItemType><ItemName>אפונה וגזר 600 גרם</ItemName><ManufacturerName>לא ידוע</ManufacturerName><ManufactureCountry>ישראל</ManufactureCountry><ManufacturerItemDescription>אפונה וגזר550 גר</ManufacturerItemDescription><SoldByWeight/><Quantity>330.00</Quantity><UnitOfMeasure>גרם     </UnitOfMeasure><QtyInPackage>לא ידוע</QtyInPackage><UnitOfMeasurePrice>0.0221</UnitOfMeasurePrice><AllowDiscount>1</AllowDiscount><ItemStatus>1</ItemStatus><ItemPrice>7.30</ItemPrice></item><item><PriceUpdateDate>2015-10-12 11:13:46</PriceUpdateDate><ItemCode>7290000307237</ItemCode><ItemType>1</ItemType><ItemName>תירס גרעינים פרי גלי</ItemName><ManufacturerName>לא ידוע</ManufacturerName><ManufactureCountry>ישראל</ManufactureCountry><ManufacturerItemDescription>תירס גרעינים 550 גר.פריגל</ManufacturerItemDescription><SoldByWeight/><Quantity>335.00</Quantity><UnitOfMeasure>גרם     </UnitOfMeasure><QtyInPackage>לא ידוע</QtyInPackage><UnitOfMeasurePrice>0.0206</UnitOfMeasurePrice><AllowDiscount>1</AllowDiscount><ItemStatus>1</ItemStatus><ItemPrice>6.90</ItemPrice></item><item><PriceUpdateDate>2016-03-01 07:13:15</PriceUpdateDate><ItemCode>7290000307800</ItemCode><ItemType>1</ItemType><ItemName>מב פול 800 גרם</ItemName><ManufacturerName>פרי הגליל</ManufacturerName><ManufactureCountry>ישראל</ManufactureCountry><ManufacturerItemDescription>מב פול 800 גרם</ManufacturerItemDescription><SoldByWeight/><Quantity>800.00</Quantity><UnitOfMeasure>גרם     </UnitOfMeasure><QtyInPackage>לא ידוע</QtyInPackage><UnitOfMeasurePrice>0.0161</UnitOfMeasurePrice><AllowDiscount>1</AllowDiscount><ItemStatus>1</ItemStatus><ItemPrice>12.90</ItemPrice></item><item><PriceUpdateDate>2016-03-01 06:44:16</PriceUpdateDate><ItemCode>7290000315140</ItemCode><ItemType>1</ItemType><ItemName>קורנפלקס מלא - בד"צ</ItemName><ManufacturerName>קורנפלקס תלמה</ManufacturerName><ManufactureCountry>ישראל</ManufactureCountry><ManufacturerItemDescription>קורנפלקס מלא - בד"צ</ManufacturerItemDescription><SoldByWeight/><Quantity>500.00</Quantity><UnitOfMeasure>גרם     </UnitOfMeasure><QtyInPackage>לא ידוע</QtyInPackage><UnitOfMeasurePrice>0.0488</UnitOfMeasurePrice><AllowDiscount>1</AllowDiscount><ItemStatus>1</ItemStatus><ItemPrice>24.40</ItemPrice></item><item><PriceUpdateDate>2014-12-18 06:34:54</PriceUpdateDate><ItemCode>7290000316635</ItemCode><ItemType>1</ItemType><ItemName>מאגדת קליק שמיניית מ</ItemName><ManufacturerName>קליק ורד הגליל</ManufacturerName><ManufactureCountry>ישראל</ManufactureCountry><ManufacturerItemDescription>מאגדת קליק שמיניית מ</ManufacturerItemDescription><SoldByWeight/><Quantity>200.00</Quantity><UnitOfMeasure>גרם     </UnitOfMeasure><QtyInPackage>לא ידוע</QtyInPackage><UnitOfMeasurePrice>0.1245</UnitOfMeasurePrice><AllowDiscount>1</AllowDiscount><ItemStatus>1</ItemStatus><ItemPrice>24.90</ItemPrice></item><item><PriceUpdateDate>2016-03-01 07:13:16</PriceUpdateDate><ItemCode>7290000318479</ItemCode><ItemType>1</ItemType><ItemName>מב נקניק פרושוטו 100</ItemName><ManufacturerName>יחיעם</ManufacturerName><ManufactureCountry>ישראל</ManufactureCountry><ManufacturerItemDescription>פרושוטו עגל ברזאולה 100 ג</ManufacturerItemDescription><SoldByWeight/><Quantity>100.00</Quantity><UnitOfMeasure>גרם     </UnitOfMeasure><QtyInPackage>לא ידוע</QtyInPackage><UnitOfMeasurePrice>0.2290</UnitOfMeasurePrice><AllowDiscount>1</AllowDiscount><ItemStatus>1</ItemStatus><ItemPrice>22.90</ItemPrice></item><item><PriceUpdateDate>2016-03-01 06:44:17</PriceUpdateDate><ItemCode>7290000318677</ItemCode><ItemType>1</ItemType><ItemName>מב נקניק סלמי סרוולט</ItemName><ManufacturerName>יחיעם</ManufacturerName><ManufactureCountry>ישראל</ManufactureCountry><ManufacturerItemDescription>סלמי סרוולד 150 גרם</ManufacturerItemDescription><SoldByWeight/><Quantity>150.00</Quantity><UnitOfMeasure>גרם     </UnitOfMeasure><QtyInPackage>לא ידוע</QtyInPackage><UnitOfMeasurePrice>0.1527</UnitOfMeasurePrice><AllowDiscount>1</AllowDiscount><ItemStatus>1</ItemStatus><ItemPrice>22.90</ItemPrice></item><item><PriceUpdateDate>2016-01-05 05:44:57</PriceUpdateDate><ItemCode>7290000319131</ItemCode><ItemType>1</ItemType><ItemName>מב נקניקיות עוף יחיע</ItemName><ManufacturerName>יחיעם</ManufacturerName><ManufactureCountry>ישראל</ManufactureCountry><ManufacturerItemDescription>נקניקיות עוף 400 ג</ManufacturerItemDescription><SoldByWeight/><Quantity>400.00</Quantity><UnitOfMeasure>גרם     </UnitOfMeasure><QtyInPackage>לא ידוע</QtyInPackage><UnitOfMeasurePrice>0.0248</UnitOfMeasurePrice><AllowDiscount>1</AllowDiscount><ItemStatus>1</ItemStatus><ItemPrice>9.90</ItemPrice></item><item><PriceUpdateDate>2015-10-14 10:41:05</PriceUpdateDate><ItemCode>7290000327624</ItemCode><ItemType>1</ItemType><ItemName>סודה טמפו 1.5 ליטר</ItemName><ManufacturerName>טמפו</ManufacturerName><ManufactureCountry>ישראל</ManufactureCountry><ManufacturerItemDescription>סודה 1.5 ל</ManufacturerItemDescription><SoldByWeight/><Quantity>1500.00</Quantity><UnitOfMeasure>מ"ל</UnitOfMeasure><QtyInPackage>לא ידוע</QtyInPackage><UnitOfMeasurePrice>0.0035</UnitOfMeasurePrice><AllowDiscount>1</AllowDiscount><ItemStatus>1</ItemStatus><ItemPrice>5.20</ItemPrice></item><item><PriceUpdateDate>2015-11-15 20:32:44</PriceUpdateDate><ItemCode>7290000327716</ItemCode><ItemType>1</ItemType><ItemName>סודה בטעם אננס 1.5 ל</ItemName><ManufacturerName>טמפו</ManufacturerName><ManufactureCountry>ישראל</ManufactureCountry><ManufacturerItemDescription>סודה בטעם אננס 1.5 ליטר</ManufacturerItemDescription><SoldByWeight/><Quantity>1500.00</Quantity><UnitOfMeasure>מ"ל</UnitOfMeasure><QtyInPackage>לא ידוע</QtyInPackage><UnitOfMeasurePrice>0.0035</UnitOfMeasurePrice><AllowDiscount>1</AllowDiscount><ItemStatus>1</ItemStatus><ItemPrice>5.20</ItemPrice></item><item><PriceUpdateDate>2015-11-15 20:32:44</PriceUpdateDate><ItemCode>7290000327778</ItemCode><ItemType>1</ItemType><ItemName>סודה בטעם אבטיח 1.5</ItemName><ManufacturerName>טמפו</ManufacturerName><ManufactureCountry>ישראל</ManufactureCountry><ManufacturerItemDescription>סודה בטעם אבטיח 1.5 ליטר</ManufacturerItemDescription><SoldByWeight/><Quantity>1500.00</Quantity><UnitOfMeasure>מ"ל</UnitOfMeasure><QtyInPackage>לא ידוע</QtyInPackage><UnitOfMeasurePrice>0.0035</UnitOfMeasurePrice><AllowDiscount>1</AllowDiscount><ItemStatus>1</ItemStatus><ItemPrice>5.20</ItemPrice></item><item><PriceUpdateDate>2016-05-01 12:05:21</PriceUpdateDate><ItemCode>7290000334165</ItemCode><ItemType>1</ItemType><ItemName>תפוגן מובחר 700 גרם</ItemName><ManufacturerName>תפוגן</ManufacturerName><ManufactureCountry>ישראל</ManufactureCountry><ManufacturerItemDescription>תפוגן מובחר 700 גרם</ManufacturerItemDescription><SoldByWeight/><Quantity>700.00</Quantity><UnitOfMeasure>גרם     </UnitOfMeasure><QtyInPackage>לא ידוע</QtyInPackage><UnitOfMeasurePrice>0.0184</UnitOfMeasurePrice><AllowDiscount>0</AllowDiscount><ItemStatus>1</ItemStatus><ItemPrice>12.90</ItemPrice></item><item><PriceUpdateDate>2015-11-15 20:35:05</PriceUpdateDate><ItemCode>7290000334325</ItemCode><ItemType>1</ItemType><ItemName>תפוגן מארז שלישיה 37</ItemName><ManufacturerName>תפוגן</ManufacturerName><ManufactureCountry>ישראל</ManufactureCountry><ManufacturerItemDescription>מארז ציפס למיקרו שלישייה</ManufacturerItemDescription><SoldByWeight/><Quantity>375.00</Quantity><UnitOfMeasure>גרם     </UnitOfMeasure><QtyInPackage>לא ידוע</QtyInPackage><UnitOfMeasurePrice>0.0499</UnitOfMeasurePrice><AllowDiscount>1</AllowDiscount><ItemStatus>1</ItemStatus><ItemPrice>18.70</ItemPrice></item><item><PriceUpdateDate>2015-11-15 20:35:05</PriceUpdateDate><ItemCode>7290000334981</ItemCode><ItemType>1</ItemType><ItemName>תפוגן אמריקן ציפס 1</ItemName><ManufacturerName>תפוגן</ManufacturerName><ManufactureCountry>ישראל</ManufactureCountry><ManufacturerItemDescription>אמריקן צייפס 750   1-2-3</ManufacturerItemDescription><SoldByWeight/><Quantity>750.00</Quantity><UnitOfMeasure>גרם     </UnitOfMeasure><QtyInPackage>לא ידוע</QtyInPackage><UnitOfMeasurePrice>0.0387</UnitOfMeasurePrice><AllowDiscount>1</AllowDiscount><ItemStatus>1</ItemStatus><ItemPrice>29.00</ItemPrice></item><item><PriceUpdateDate>2015-11-15 20:32:44</PriceUpdateDate><ItemCode>7290000336053</ItemCode><ItemType>1</ItemType><ItemName>תרכיז סיידר טבעי 330</ItemName><ManufacturerName>סיידר</ManufacturerName><ManufactureCountry>ישראל</ManufactureCountry><ManufacturerItemDescription>סיידר תרכיז 330 בקבוק</ManufacturerItemDescription><SoldByWeight/><Quantity>330.00</Quantity><UnitOfMeasure>מ"ל</UnitOfMeasure><QtyInPackage>לא ידוע</QtyInPackage><UnitOfMeasurePrice>0.0388</UnitOfMeasurePrice><AllowDiscount>1</AllowDiscount><ItemStatus>1</ItemStatus><ItemPrice>12.80</ItemPrice></item><item><PriceUpdateDate>2015-11-15 20:35:05</PriceUpdateDate><ItemCode>7290000341071</ItemCode><ItemType>1</ItemType><ItemName>מרכך כביסה בדין בייב</ItemName><ManufacturerName>בדין</ManufacturerName><ManufactureCountry>ישראל</ManufactureCountry><ManufacturerItemDescription>מרכך כביסה בדין בייב</ManufacturerItemDescription><SoldByWeight/><Quantity>2000.00</Quantity><UnitOfMeasure>מ"ל</UnitOfMeasure><QtyInPackage>לא ידוע</QtyInPackage><UnitOfMeasurePrice>0.0113</UnitOfMeasurePrice><AllowDiscount>1</AllowDiscount><ItemStatus>1</ItemStatus><ItemPrice>22.60</ItemPrice></item><item><PriceUpdateDate>2016-03-16 14:01:02</PriceUpdateDate><ItemCode>7290000342832</ItemCode><ItemType>1</ItemType><ItemName>מרכך כביסה בדין צהוב</ItemName><ManufacturerName>בדין</ManufacturerName><ManufactureCountry>ישראל</ManufactureCountry><ManufacturerItemDescription>מרכך כביסה בדין צהוב</ManufacturerItemDescription><SoldByWeight/><Quantity>4000.00</Quantity><UnitOfMeasure>מ"ל</UnitOfMeasure><QtyInPackage>לא ידוע</QtyInPackage><UnitOfMeasurePrice>0.0057</UnitOfMeasurePrice><AllowDiscount>1</AllowDiscount><ItemStatus>1</ItemStatus><ItemPrice>22.90</ItemPrice></item><item><PriceUpdateDate>2015-11-12 07:10:19</PriceUpdateDate><ItemCode>7290000345055</ItemCode><ItemType>1</ItemType><ItemName>/100א.גריי</ItemName><ManufacturerName>ויסוצקי</ManufacturerName><ManufactureCountry>ישראל</ManufactureCountry><ManufacturerItemDescription>תה ארלגריי100 גר .קופסא</ManufacturerItemDescription><SoldByWeight/><Quantity>100.00</Quantity><UnitOfMeasure>גרם     </UnitOfMeasure><QtyInPackage>לא ידוע</QtyInPackage><UnitOfMeasurePrice>0.1560</UnitOfMeasurePrice><AllowDiscount>1</AllowDiscount><ItemStatus>1</ItemStatus><ItemPrice>15.60</ItemPrice></item><item><PriceUpdateDate>2015-11-12 07:10:19</PriceUpdateDate><ItemCode>7290000345536</ItemCode><ItemType>1</ItemType><ItemName>תה נענע 25 יח</ItemName><ManufacturerName>ויסוצקי</ManufacturerName><ManufactureCountry>ישראל</ManufactureCountry><ManufacturerItemDescription>תה+נענע ויסוצקי1.5/25 גר</ManufacturerItemDescription><SoldByWeight/><Quantity>38.00</Quantity><UnitOfMeasure>גרם     </UnitOfMeasure><QtyInPackage>לא ידוע</QtyInPackage><UnitOfMeasurePrice>0.5395</UnitOfMeasurePrice><AllowDiscount>1</AllowDiscount><ItemStatus>1</ItemStatus><ItemPrice>20.50</ItemPrice></item><item><PriceUpdateDate>2016-05-01 12:05:22</PriceUpdateDate><ItemCode>7290000347738</ItemCode><ItemType>1</ItemType><ItemName>תה ירוק נענע 25 יח'</ItemName><ManufacturerName>ויסוצקי</ManufacturerName><ManufactureCountry>ישראל</ManufactureCountry><ManufacturerItemDescription>תה ירוק נענע</ManufacturerItemDescription><SoldByWeight/><Quantity>38.00</Quantity><UnitOfMeasure>גרם     </UnitOfMeasure><QtyInPackage>לא ידוע</QtyInPackage><UnitOfMeasurePrice>0.6553</UnitOfMeasurePrice><AllowDiscount>1</AllowDiscount><ItemStatus>1</ItemStatus><ItemPrice>24.90</ItemPrice></item><item><PriceUpdateDate>2016-05-01 12:05:22</PriceUpdateDate><ItemCode>7290000347752</ItemCode><ItemType>1</ItemType><ItemName>תה ירוק לימונית ולוא</ItemName><ManufacturerName>ויסוצקי</ManufacturerName><ManufactureCountry>ישראל</ManufactureCountry><ManufacturerItemDescription>תה ירוק לימונית ולואיזה</ManufacturerItemDescription><SoldByWeight/><Quantity>38.00</Quantity><UnitOfMeasure>גרם     </UnitOfMeasure><QtyInPackage>לא ידוע</QtyInPackage><UnitOfMeasurePrice>0.6553</UnitOfMeasurePrice><AllowDiscount>1</AllowDiscount><ItemStatus>1</ItemStatus><ItemPrice>24.90</ItemPrice></item><item><PriceUpdateDate>2014-12-01 06:28:24</PriceUpdateDate><ItemCode>7290000351711</ItemCode><ItemType>1</ItemType><ItemName>תבלין לעוף מטחנה 40</ItemName><ManufacturerName>תבליני שוורץ</ManufacturerName><ManufactureCountry>ישראל</ManufactureCountry><ManufacturerItemDescription>תבלין לעוף מטחנה 40</ManufacturerItemDescription><SoldByWeight/><Quantity>14.00</Quantity><UnitOfMeasure>גרם     </UnitOfMeasure><QtyInPackage>לא ידוע</QtyInPackage><UnitOfMeasurePrice>0.8714</UnitOfMeasurePrice><AllowDiscount>1</AllowDiscount><ItemStatus>1</ItemStatus><ItemPrice>12.20</ItemPrice></item><item><PriceUpdateDate>2014-12-01 06:29:16</PriceUpdateDate><ItemCode>7290000355399</ItemCode><ItemType>1</ItemType><ItemName>רוטב עגבניות טומטו 8</ItemName><ManufacturerName>טל (מילוז</ManufacturerName><ManufactureCountry>ישראל</ManufactureCountry><ManufacturerItemDescription>רוטב עגבניות טומטו 8</ManufacturerItemDescription><SoldByWeight/><Quantity>800.00</Quantity><UnitOfMeasure>גרם     </UnitOfMeasure><QtyInPackage>לא ידוע</QtyInPackage><UnitOfMeasurePrice>0.0109</UnitOfMeasurePrice><AllowDiscount>1</AllowDiscount><ItemStatus>1</ItemStatus><ItemPrice>8.70</ItemPrice></item><item><PriceUpdateDate>2016-02-08 10:36:25</PriceUpdateDate><ItemCode>7290000355504</ItemCode><ItemType>1</ItemType><ItemName>רסק עגבניות 22% 460</ItemName><ManufacturerName>טל (מילוז</ManufacturerName><ManufactureCountry>ישראל</ManufactureCountry><ManufacturerItemDescription>רסק עגבניות טל 570 22% גר</ManufacturerItemDescription><SoldByWeight/><Quantity>560.00</Quantity><UnitOfMeasure>גרם     </UnitOfMeasure><QtyInPackage>לא ידוע</QtyInPackage><UnitOfMeasurePrice>0.0123</UnitOfMeasurePrice><AllowDiscount>1</AllowDiscount><ItemStatus>1</ItemStatus><ItemPrice>6.90</ItemPrice></item><item><PriceUpdateDate>2016-02-02 05:50:50</PriceUpdateDate><ItemCode>7290000355757</ItemCode><ItemType>1</ItemType><ItemName>עגבניות מרוסקות טל 8</ItemName><ManufacturerName>לא ידוע</ManufacturerName><ManufactureCountry>ישראל</ManufactureCountry><ManufacturerItemDescription>עגבניות מרוסקות טל 800 גר</ManufacturerItemDescription><SoldByWeight/><Quantity>800.00</Quantity><UnitOfMeasure>גרם     </UnitOfMeasure><QtyInPackage>לא ידוע</QtyInPackage><UnitOfMeasurePrice>0.0115</UnitOfMeasurePrice><AllowDiscount>1</AllowDiscount><ItemStatus>1</ItemStatus><ItemPrice>9.20</ItemPrice></item><item><PriceUpdateDate>2016-05-01 10:24:09</PriceUpdateDate><ItemCode>7290000364261</ItemCode><ItemType>1</ItemType><ItemName>מב סלסולי כתף בקר 12</ItemName><ManufacturerName>טירת צבי</ManufacturerName><ManufactureCountry>ישראל</ManufactureCountry><ManufacturerItemDescription>סלסולי כתף בקר 120 גרם</ManufacturerItemDescription><SoldByWeight/><Quantity>120.00</Quantity><UnitOfMeasure>גרם     </UnitOfMeasure><QtyInPackage>לא ידוע</QtyInPackage><UnitOfMeasurePrice>0.1075</UnitOfMeasurePrice><AllowDiscount>1</AllowDiscount><ItemStatus>1</ItemStatus><ItemPrice>12.90</ItemPrice></item><item><PriceUpdateDate>2016-05-01 10:24:10</PriceUpdateDate><ItemCode>7290000364285</ItemCode><ItemType>1</ItemType><ItemName>מב סלסולי פסטרמה הוד</ItemName><ManufacturerName>טירת צבי</ManufacturerName><ManufactureCountry>ישראל</ManufactureCountry><ManufacturerItemDescription>סלסולי פסטרמה הודו 120 גר</ManufacturerItemDescription><SoldByWeight/><Quantity>120.00</Quantity><UnitOfMeasure>גרם     </UnitOfMeasure><QtyInPackage>לא ידוע</QtyInPackage><UnitOfMeasurePrice>0.1075</UnitOfMeasurePrice><AllowDiscount>1</AllowDiscount><ItemStatus>1</ItemStatus><ItemPrice>12.90</ItemPrice></item><item><PriceUpdateDate>2016-05-01 10:24:10</PriceUpdateDate><ItemCode>7290000364292</ItemCode><ItemType>1</ItemType><ItemName>מב סלסולי פסטרמה גחל</ItemName><ManufacturerName>טירת צבי</ManufacturerName><ManufactureCountry>ישראל</ManufactureCountry><ManufacturerItemDescription>סלסולי פסטרמה גחלים 120 ג</ManufacturerItemDescription><SoldByWeight/><Quantity>120.00</Quantity><UnitOfMeasure>גרם     </UnitOfMeasure><QtyInPackage>לא ידוע</QtyInPackage><UnitOfMeasurePrice>0.1075</UnitOfMeasurePrice><AllowDiscount>1</AllowDiscount><ItemStatus>1</ItemStatus><ItemPrice>12.90</ItemPrice></item><item><PriceUpdateDate>2016-03-29 07:28:28</PriceUpdateDate><ItemCode>7290000364872</ItemCode><ItemType>1</ItemType><ItemName>מב נקניקיות עוף טרי</ItemName><ManufacturerName>טירת צבי</ManufacturerName><ManufactureCountry>ישראל</ManufactureCountry><ManufacturerItemDescription>נקניקיות עוף 400 ג</ManufacturerItemDescription><SoldByWeight/><Quantity>400.00</Quantity><UnitOfMeasure>גרם     </UnitOfMeasure><QtyInPackage>לא ידוע</QtyInPackage><UnitOfMeasurePrice>0.0223</UnitOfMeasurePrice><AllowDiscount>0</AllowDiscount><ItemStatus>1</ItemStatus><ItemPrice>8.90</ItemPrice></item><item><PriceUpdateDate>2016-05-01 10:24:10</PriceUpdateDate><ItemCode>7290000367590</ItemCode><ItemType>1</ItemType><ItemName>מב נקניק צמד כפרי 80</ItemName><ManufacturerName>טירת צבי</ManufacturerName><ManufactureCountry>ישראל</ManufactureCountry><ManufacturerItemDescription>צמד כפרי 800 גר</ManufacturerItemDescription><SoldByWeight/><Quantity>800.00</Quantity><UnitOfMeasure>גרם     </UnitOfMeasure><QtyInPackage>לא ידוע</QtyInPackage><UnitOfMeasurePrice>0.0311</UnitOfMeasurePrice><AllowDiscount>1</AllowDiscount><ItemStatus>1</ItemStatus><ItemPrice>24.90</ItemPrice></item><item><PriceUpdateDate>2015-10-15 12:36:50</PriceUpdateDate><ItemCode>7290000400594</ItemCode><ItemType>1</ItemType><ItemName>חטיף אגוזי בודד 45 ג</ItemName><ManufacturerName>אגוזי</ManufacturerName><ManufactureCountry>ישראל</ManufactureCountry><ManufacturerItemDescription>חטיף אגוזי 45 גר</ManufacturerItemDescription><SoldByWeight/><Quantity>45.00</Quantity><UnitOfMeasure>גרם     </UnitOfMeasure><QtyInPackage>לא ידוע</QtyInPackage><UnitOfMeasurePrice>0.1111</UnitOfMeasurePrice><AllowDiscount>1</AllowDiscount><ItemStatus>1</ItemStatus><ItemPrice>5.00</ItemPrice></item><item><PriceUpdateDate>2015-10-15 12:36:50</PriceUpdateDate><ItemCode>7290000400600</ItemCode><ItemType>1</ItemType><ItemName>חטיף טעמי בודד 40 גר</ItemName><ManufacturerName>טעמי</ManufacturerName><ManufactureCountry>ישראל</ManufactureCountry><ManufacturerItemDescription>חטיף טעמי 40 גרם</ManufacturerItemDescription><SoldByWeight/><Quantity>40.00</Quantity><UnitOfMeasure>גרם     </UnitOfMeasure><QtyInPackage>לא ידוע</QtyInPackage><UnitOfMeasurePrice>0.1250</UnitOfMeasurePrice><AllowDiscount>1</AllowDiscount><ItemStatus>1</ItemStatus><ItemPrice>5.00</ItemPrice></item><item><PriceUpdateDate>2015-10-15 12:36:51</PriceUpdateDate><ItemCode>7290000400617</ItemCode><ItemType>1</ItemType><ItemName>שוקולד מקופלת חלב 25</ItemName><ManufacturerName>מקופלת</ManufacturerName><ManufactureCountry>ישראל</ManufactureCountry><ManufacturerItemDescription>חטיף שוק.מקופלת 25 גר</ManufacturerItemDescription><SoldByWeight/><Quantity>25.00</Quantity><UnitOfMeasure>גרם     </UnitOfMeasure><QtyInPackage>לא ידוע</QtyInPackage><UnitOfMeasurePrice>0.2000</UnitOfMeasurePrice><AllowDiscount>1</AllowDiscount><ItemStatus>1</ItemStatus><ItemPrice>5.00</ItemPrice></item><item><PriceUpdateDate>2015-10-15 12:36:51</PriceUpdateDate><ItemCode>7290000400631</ItemCode><ItemType>1</ItemType><ItemName>פסק זמן חלב קלאסי 45</ItemName><ManufacturerName>עלית</ManufacturerName><ManufactureCountry>ישראל</ManufactureCountry><ManufacturerItemDescription>חטיף פסק זמן חלב45 גר</ManufacturerItemDescription><SoldByWeight/><Quantity>45.00</Quantity><UnitOfMeasure>גרם     </UnitOfMeasure><QtyInPackage>לא ידוע</QtyInPackage><UnitOfMeasurePrice>0.1356</UnitOfMeasurePrice><AllowDiscount>1</AllowDiscount><ItemStatus>1</ItemStatus><ItemPrice>6.10</ItemPrice></item><item><PriceUpdateDate>2016-05-01 12:00:40</PriceUpdateDate><ItemCode>7290000400655</ItemCode><ItemType>1</ItemType><ItemName>חטיף טויסט 28 גרם</ItemName><ManufacturerName>עלית</ManufacturerName><ManufactureCountry>ישראל</ManufactureCountry><ManufacturerItemDescription>חטיף טוויסט 28 גר</ManufacturerItemDescription><SoldByWeight/><Quantity>28.00</Quantity><UnitOfMeasure>גרם     </UnitOfMeasure><QtyInPackage>לא ידוע</QtyInPackage><UnitOfMeasurePrice>0.1786</UnitOfMeasurePrice><AllowDiscount>1</AllowDiscount><ItemStatus>1</ItemStatus><ItemPrice>5.00</ItemPrice></item><item><PriceUpdateDate>2015-09-30 23:47:33</PriceUpdateDate><ItemCode>7290000400662</ItemCode><ItemType>1</ItemType><ItemName>מעדן מילקי וניל 170</ItemName><ManufacturerName>מילקי</ManufacturerName><ManufactureCountry>ישראל</ManufactureCountry><ManufacturerItemDescription>מילקי וניל170 מל</ManufacturerItemDescription><SoldByWeight/><Quantity>170.00</Quantity><UnitOfMeasure>מ"ל</UnitOfMeasure><QtyInPackage>לא ידוע</QtyInPackage><UnitOfMeasurePrice>0.0165</UnitOfMeasurePrice><AllowDiscount>1</AllowDiscount><ItemStatus>1</ItemStatus><ItemPrice>2.80</ItemPrice></item><item><PriceUpdateDate>2015-09-30 23:47:33</PriceUpdateDate><ItemCode>7290000400679</ItemCode><ItemType>1</ItemType><ItemName>מעדן מילקי שוקו 170</ItemName><ManufacturerName>מילקי</ManufacturerName><ManufactureCountry>ישראל</ManufactureCountry><ManufacturerItemDescription>מילקי שוקו170 גר</ManufacturerItemDescription><SoldByWeight/><Quantity>170.00</Quantity><UnitOfMeasure>מ"ל</UnitOfMeasure><QtyInPackage>לא ידוע</QtyInPackage><UnitOfMeasurePrice>0.0165</UnitOfMeasurePrice><AllowDiscount>1</AllowDiscount><ItemStatus>1</ItemStatus><ItemPrice>2.80</ItemPrice></item><item><PriceUpdateDate>2015-10-22 08:37:08</PriceUpdateDate><ItemCode>7290000400716</ItemCode><ItemType>1</ItemType><ItemName>מיני מילקי שוקולד 70</ItemName><ManufacturerName>מילקי</ManufacturerName><ManufactureCountry>ישראל</ManufactureCountry><ManufacturerItemDescription>מיני מילקי שוקולד 70</ManufacturerItemDescription><SoldByWeight/><Quantity>70.00</Quantity><UnitOfMeasure>גרם     </UnitOfMeasure><QtyInPackage>לא ידוע</QtyInPackage><UnitOfMeasurePrice>0.0314</UnitOfMeasurePrice><AllowDiscount>1</AllowDiscount><ItemStatus>1</ItemStatus><ItemPrice>2.20</ItemPrice></item><item><PriceUpdateDate>2016-05-01 12:00:40</PriceUpdateDate><ItemCode>7290000400723</ItemCode><ItemType>1</ItemType><ItemName>שמרים לחים קוביות 50</ItemName><ManufacturerName>שמרית</ManufacturerName><ManufactureCountry>ישראל</ManufactureCountry><ManufacturerItemDescription>שמרים לחים 50 גר</ManufacturerItemDescription><SoldByWeight/><Quantity>14.00</Quantity><UnitOfMeasure>גרם     </UnitOfMeasure><QtyInPackage>לא ידוע</QtyInPackage><UnitOfMeasurePrice>0.2643</UnitOfMeasurePrice><AllowDiscount>1</AllowDiscount><ItemStatus>1</ItemStatus><ItemPrice>3.70</ItemPrice></item><item><PriceUpdateDate>2015-10-13 11:27:29</PriceUpdateDate><ItemCode>7290000400778</ItemCode><ItemType>1</ItemType><ItemName>פרילי משמש 125 גרם</ItemName><ManufacturerName>פרילי</ManufacturerName><ManufactureCountry>ישראל</ManufactureCountry><ManufacturerItemDescription>פרילי משמש 125 גרם</ManufacturerItemDescription><SoldByWeight/><Quantity>125.00</Quantity><UnitOfMeasure>גרם     </UnitOfMeasure><QtyInPackage>לא ידוע</QtyInPackage><UnitOfMeasurePrice>0.0296</UnitOfMeasurePrice><AllowDiscount>1</AllowDiscount><ItemStatus>1</ItemStatus><ItemPrice>3.70</ItemPrice></item><item><PriceUpdateDate>2015-10-13 11:27:29</PriceUpdateDate><ItemCode>7290000400785</ItemCode><ItemType>1</ItemType><ItemName>פרילי אננס 125 גרם</ItemName><ManufacturerName>פרילי</ManufacturerName><ManufactureCountry>ישראל</ManufactureCountry><ManufacturerItemDescription>פרילי אננס בגביע125 מל</ManufacturerItemDescription><SoldByWeight/><Quantity>125.00</Quantity><UnitOfMeasure>גרם     </UnitOfMeasure><QtyInPackage>לא ידוע</QtyInPackage><UnitOfMeasurePrice>0.0296</UnitOfMeasurePrice><AllowDiscount>1</AllowDiscount><ItemStatus>1</ItemStatus><ItemPrice>3.70</ItemPrice></item><item><PriceUpdateDate>2016-03-14 07:31:45</PriceUpdateDate><ItemCode>7290000400792</ItemCode><ItemType>1</ItemType><ItemName>מעדן באדי תות 125 גר</ItemName><ManufacturerName>באדי</ManufacturerName><ManufactureCountry>ישראל</ManufactureCountry><ManufacturerItemDescription>באדי תות125 מל</ManufacturerItemDescription><SoldByWeight/><Quantity>125.00</Quantity><UnitOfMeasure>גרם     </UnitOfMeasure><QtyInPackage>לא ידוע</QtyInPackage><UnitOfMeasurePrice>0.0216</UnitOfMeasurePrice><AllowDiscount>1</AllowDiscount><ItemStatus>1</ItemStatus><ItemPrice>2.70</ItemPrice></item><item><PriceUpdateDate>2016-02-11 11:10:53</PriceUpdateDate><ItemCode>7290000400815</ItemCode><ItemType>1</ItemType><ItemName>חמאה 100 גרם</ItemName><ManufacturerName>חמאת תנובה</ManufacturerName><ManufactureCountry>ישראל</ManufactureCountry><ManufacturerItemDescription>חמאה 100 גרם פיקוח</ManufacturerItemDescription><SoldByWeight/><Quantity>100.00</Quantity><UnitOfMeasure>גרם     </UnitOfMeasure><QtyInPackage>לא ידוע</QtyInPackage><UnitOfMeasurePrice>0.0380</UnitOfMeasurePrice><AllowDiscount>1</AllowDiscount><ItemStatus>1</ItemStatus><ItemPrice>3.80</ItemPrice></item><item><PriceUpdateDate>2014-12-01 06:27:53</PriceUpdateDate><ItemCode>7290000400846</ItemCode><ItemType>1</ItemType><ItemName>שמנת של פעם 200 מ"ל</ItemName><ManufacturerName>חלב תנובה</ManufacturerName><ManufactureCountry>ישראל</ManufactureCountry><ManufacturerItemDescription>שמנת של פעם200 מל</ManufacturerItemDescription><SoldByWeight/><Quantity>200.00</Quantity><UnitOfMeasure>מ"ל</UnitOfMeasure><QtyInPackage>לא ידוע</QtyInPackage><UnitOfMeasurePrice>0.0210</UnitOfMeasurePrice><AllowDiscount>1</AllowDiscount><ItemStatus>1</ItemStatus><ItemPrice>4.20</ItemPrice></item><item><PriceUpdateDate>2015-10-22 08:04:45</PriceUpdateDate><ItemCode>7290000400853</ItemCode><ItemType>1</ItemType><ItemName>דנובה 200 מ"ל</ItemName><ManufacturerName>דנובה</ManufacturerName><ManufactureCountry>ישראל</ManufactureCountry><ManufacturerItemDescription>דנובה200 מל</ManufacturerItemDescription><SoldByWeight/><Quantity>200.00</Quantity><UnitOfMeasure>מ"ל</UnitOfMeasure><QtyInPackage>לא ידוע</QtyInPackage><UnitOfMeasurePrice>0.0185</UnitOfMeasurePrice><AllowDiscount>1</AllowDiscount><ItemStatus>1</ItemStatus><ItemPrice>3.70</ItemPrice></item><item><PriceUpdateDate>2015-10-22 08:04:45</PriceUpdateDate><ItemCode>7290000400860</ItemCode><ItemType>1</ItemType><ItemName>פרילי טבע 200 מ''ל</ItemName><ManufacturerName>פרילי</ManufacturerName><ManufactureCountry>ישראל</ManufactureCountry><ManufacturerItemDescription>טבעגורט-יוגורט עם גרנולה2</ManufacturerItemDescription><SoldByWeight/><Quantity>200.00</Quantity><UnitOfMeasure>מ"ל</UnitOfMeasure><QtyInPackage>לא ידוע</QtyInPackage><UnitOfMeasurePrice>0.0265</UnitOfMeasurePrice><AllowDiscount>1</AllowDiscount><ItemStatus>1</ItemStatus><ItemPrice>5.30</ItemPrice></item><item><PriceUpdateDate>2015-10-13 11:27:29</PriceUpdateDate><ItemCode>7290000400877</ItemCode><ItemType>1</ItemType><ItemName>יוגורט 200 מ"ל</ItemName><ManufacturerName>חלב תנובה</ManufacturerName><ManufactureCountry>ישראל</ManufactureCountry><ManufacturerItemDescription>יוגורט200-4% מל</ManufacturerItemDescription><SoldByWeight/><Quantity>200.00</Quantity><UnitOfMeasure>מ"ל</UnitOfMeasure><QtyInPackage>לא ידוע</QtyInPackage><UnitOfMeasurePrice>0.0145</UnitOfMeasurePrice><AllowDiscount>1</AllowDiscount><ItemStatus>1</ItemStatus><ItemPrice>2.90</ItemPrice></item><item><PriceUpdateDate>2015-10-22 08:37:08</PriceUpdateDate><ItemCode>7290000400884</ItemCode><ItemType>1</ItemType><ItemName>מילקי קל שוקו 137 גר</ItemName><ManufacturerName>מילקי</ManufacturerName><ManufactureCountry>ישראל</ManufactureCountry><ManufacturerItemDescription>מילקיקל שוקולד 170-3% מל</ManufacturerItemDescription><SoldByWeight/><Quantity>137.00</Quantity><UnitOfMeasure>גרם     </UnitOfMeasure><QtyInPackage>לא ידוע</QtyInPackage><UnitOfMeasurePrice>0.0307</UnitOfMeasurePrice><AllowDiscount>1</AllowDiscount><ItemStatus>1</ItemStatus><ItemPrice>4.20</ItemPrice></item><item><PriceUpdateDate>2016-03-14 07:31:45</PriceUpdateDate><ItemCode>7290000400921</ItemCode><ItemType>1</ItemType><ItemName>מעדן באדי וניל מהדרי</ItemName><ManufacturerName>באדי</ManufacturerName><ManufactureCountry>ישראל</ManufactureCountry><ManufacturerItemDescription>מעדן באדי וניל מהדרי</ManufacturerItemDescription><SoldByWeight/><Quantity>125.00</Quantity><UnitOfMeasure>גרם     </UnitOfMeasure><QtyInPackage>לא ידוע</QtyInPackage><UnitOfMeasurePrice>0.0216</UnitOfMeasurePrice><AllowDiscount>1</AllowDiscount><ItemStatus>1</ItemStatus><ItemPrice>2.70</ItemPrice></item><item><PriceUpdateDate>2016-03-14 07:31:45</PriceUpdateDate><ItemCode>7290000400938</ItemCode><ItemType>1</ItemType><ItemName>מעדן באדי שוקו מהדרי</ItemName><ManufacturerName>באדי</ManufacturerName><ManufactureCountry>ישראל</ManufactureCountry><ManufacturerItemDescription>מעדן באדי שוקו מהדרי</ManufacturerItemDescription><SoldByWeight/><Quantity>125.00</Quantity><UnitOfMeasure>גרם     </UnitOfMeasure><QtyInPackage>לא ידוע</QtyInPackage><UnitOfMeasurePrice>0.0216</UnitOfMeasurePrice><AllowDiscount>1</AllowDiscount><ItemStatus>1</ItemStatus><ItemPrice>2.70</ItemPrice></item><item><PriceUpdateDate>2015-10-15 12:36:51</PriceUpdateDate><ItemCode>7290000400976</ItemCode><ItemType>1</ItemType><ItemName>פסק זמן ביג בייט קלא</ItemName><ManufacturerName>פסק זמן</ManufacturerName><ManufactureCountry>ישראל</ManufactureCountry><ManufacturerItemDescription>חטיף פסק זמן ביג בייט 52</ManufacturerItemDescription><SoldByWeight/><Quantity>45.00</Quantity><UnitOfMeasure>גרם     </UnitOfMeasure><QtyInPackage>לא ידוע</QtyInPackage><UnitOfMeasurePrice>0.1356</UnitOfMeasurePrice><AllowDiscount>1</AllowDiscount><ItemStatus>1</ItemStatus><ItemPrice>6.10</ItemPrice></item><item><PriceUpdateDate>2015-10-13 11:27:29</PriceUpdateDate><ItemCode>7290000401003</ItemCode><ItemType>1</ItemType><ItemName>מעדן דני 125 גרם</ItemName><ManufacturerName>דני</ManufacturerName><ManufactureCountry>ישראל</ManufactureCountry><ManufacturerItemDescription>מעדן דני שוקולד 125 גרם</ManufacturerItemDescription><SoldByWeight/><Quantity>125.00</Quantity><UnitOfMeasure>מ"ל</UnitOfMeasure><QtyInPackage>לא ידוע</QtyInPackage><UnitOfMeasurePrice>0.0216</UnitOfMeasurePrice><AllowDiscount>1</AllowDiscount><ItemStatus>1</ItemStatus><ItemPrice>2.70</ItemPrice></item><item><PriceUpdateDate>2016-05-01 12:00:40</PriceUpdateDate><ItemCode>7290000401010</ItemCode><ItemType>1</ItemType><ItemName>פסק זמן גלילית אגוזי</ItemName><ManufacturerName>פסק זמן</ManufacturerName><ManufactureCountry>ישראל</ManufactureCountry><ManufacturerItemDescription>פסק זמן גלילית אגוזי</ManufacturerItemDescription><SoldByWeight/><Quantity>40.00</Quantity><UnitOfMeasure>גרם     </UnitOfMeasure><QtyInPackage>לא ידוע</QtyInPackage><UnitOfMeasurePrice>0.1525</UnitOfMeasurePrice><AllowDiscount>1</AllowDiscount><ItemStatus>1</ItemStatus><ItemPrice>6.10</ItemPrice></item><item><PriceUpdateDate>2016-03-16 14:00:23</PriceUpdateDate><ItemCode>7290000401232</ItemCode><ItemType>1</ItemType><ItemName>ממרח שוקולד נוטלה 75</ItemName><ManufacturerName>נוטלה</ManufacturerName><ManufactureCountry>פולין</ManufactureCountry><ManufacturerItemDescription>מסטיק מנטוס      90 גרם</ManufacturerItemDescription><SoldByWeight/><Quantity>750.00</Quantity><UnitOfMeasure>גרם     </UnitOfMeasure><QtyInPackage>לא ידוע</QtyInPackage><UnitOfMeasurePrice>0.0332</UnitOfMeasurePrice><AllowDiscount>1</AllowDiscount><ItemStatus>1</ItemStatus><ItemPrice>24.90</ItemPrice></item><item><PriceUpdateDate>2016-03-30 08:10:56</PriceUpdateDate><ItemCode>7290000401249</ItemCode><ItemType>1</ItemType><ItemName>ממרח שוקולד נוטלה 35</ItemName><ManufacturerName>פררו</ManufacturerName><ManufactureCountry>איטליה</ManufactureCountry><ManufacturerItemDescription>מסטיק מנטוס     ת מיקס90</ManufacturerItemDescription><SoldByWeight/><Quantity>350.00</Quantity><UnitOfMeasure>גרם     </UnitOfMeasure><QtyInPackage>לא ידוע</QtyInPackage><UnitOfMeasurePrice>0.0411</UnitOfMeasurePrice><AllowDiscount>1</AllowDiscount><ItemStatus>1</ItemStatus><ItemPrice>14.40</ItemPrice></item><item><PriceUpdateDate>2015-10-20 12:45:53</PriceUpdateDate><ItemCode>7290000401256</ItemCode><ItemType>1</ItemType><ItemName>אצבעות שוקולד קינדר</ItemName><ManufacturerName>קינדר</ManufacturerName><ManufactureCountry>איטליה</ManufactureCountry><ManufacturerItemDescription>שוקולד חלב ממולא קינדר50</ManufacturerItemDescription><SoldByWeight/><Quantity>50.00</Quantity><UnitOfMeasure>גרם     </UnitOfMeasure><QtyInPackage>לא ידוע</QtyInPackage><UnitOfMeasurePrice>0.1180</UnitOfMeasurePrice><AllowDiscount>1</AllowDiscount><ItemStatus>1</ItemStatus><ItemPrice>5.90</ItemPrice></item><item><PriceUpdateDate>2016-03-16 14:00:55</PriceUpdateDate><ItemCode>7290000401492</ItemCode><ItemType>1</ItemType><ItemName>חטיף קליק ביסקויט 75</ItemName><ManufacturerName>קליק ורד הגליל</ManufacturerName><ManufactureCountry>ישראל</ManufactureCountry><ManufacturerItemDescription>קליק ביסקוויט 75 גר</ManufacturerItemDescription><SoldByWeight/><Quantity>75.00</Quantity><UnitOfMeasure>גרם     </UnitOfMeasure><QtyInPackage>לא ידוע</QtyInPackage><UnitOfMeasurePrice>0.0853</UnitOfMeasurePrice><AllowDiscount>1</AllowDiscount><ItemStatus>1</ItemStatus><ItemPrice>6.40</ItemPrice></item><item><PriceUpdateDate>2016-03-16 14:00:55</PriceUpdateDate><ItemCode>7290000401508</ItemCode><ItemType>1</ItemType><ItemName>חטיף קליק כדורים 75</ItemName><ManufacturerName>קליק ורד הגליל</ManufacturerName><ManufactureCountry>ישראל</ManufactureCountry><ManufacturerItemDescription>קליק חלב 75 גר</ManufacturerItemDescription><SoldByWeight/><Quantity>75.00</Quantity><UnitOfMeasure>גרם     </UnitOfMeasure><QtyInPackage>לא ידוע</QtyInPackage><UnitOfMeasurePrice>0.0853</UnitOfMeasurePrice><AllowDiscount>1</AllowDiscount><ItemStatus>1</ItemStatus><ItemPrice>6.40</ItemPrice></item><item><PriceUpdateDate>2016-03-16 14:00:55</PriceUpdateDate><ItemCode>7290000401515</ItemCode><ItemType>1</ItemType><ItemName>חטיף קליק קורנפלקס 7</ItemName><ManufacturerName>קליק ורד הגליל</ManufacturerName><ManufactureCountry>ישראל</ManufactureCountry><ManufacturerItemDescription>קליק קורנפלקס 75 גר</ManufacturerItemDescription><SoldByWeight/><Quantity>75.00</Quantity><UnitOfMeasure>גרם     </UnitOfMeasure><QtyInPackage>לא ידוע</QtyInPackage><UnitOfMeasurePrice>0.0853</UnitOfMeasurePrice><AllowDiscount>1</AllowDiscount><ItemStatus>1</ItemStatus><ItemPrice>6.40</ItemPrice></item><item><PriceUpdateDate>2016-03-16 14:00:55</PriceUpdateDate><ItemCode>7290000401522</ItemCode><ItemType>1</ItemType><ItemName>חטיף קליק חום לבן 75</ItemName><ManufacturerName>קליק ורד הגליל</ManufacturerName><ManufactureCountry>ישראל</ManufactureCountry><ManufacturerItemDescription>קליק חום לבן 75 גרם</ManufacturerItemDescription><SoldByWeight/><Quantity>75.00</Quantity><UnitOfMeasure>גרם     </UnitOfMeasure><QtyInPackage>לא ידוע</QtyInPackage><UnitOfMeasurePrice>0.0853</UnitOfMeasurePrice><AllowDiscount>1</AllowDiscount><ItemStatus>1</ItemStatus><ItemPrice>6.40</ItemPrice></item><item><PriceUpdateDate>2016-03-16 14:00:55</PriceUpdateDate><ItemCode>7290000401546</ItemCode><ItemType>1</ItemType><ItemName>חטיף קליק כריות 75 ג</ItemName><ManufacturerName>קליק ורד הגליל</ManufacturerName><ManufactureCountry>ישראל</ManufactureCountry><ManufacturerItemDescription>קליק כריות 75 גר</ManufacturerItemDescription><SoldByWeight/><Quantity>75.00</Quantity><UnitOfMeasure>גרם     </UnitOfMeasure><QtyInPackage>לא ידוע</QtyInPackage><UnitOfMeasurePrice>0.0853</UnitOfMeasurePrice><AllowDiscount>1</AllowDiscount><ItemStatus>1</ItemStatus><ItemPrice>6.40</ItemPrice></item><item><PriceUpdateDate>2016-05-01 12:00:42</PriceUpdateDate><ItemCode>7290000401706</ItemCode><ItemType>1</ItemType><ItemName>תערובת לבראוניס 550</ItemName><ManufacturerName>ליימן חטיבת המותגים</ManufacturerName><ManufactureCountry>ישראל</ManufactureCountry><ManufacturerItemDescription>תערובת לעוגת בראוניס 550</ManufacturerItemDescription><SoldByWeight/><Quantity>550.00</Quantity><UnitOfMeasure>גרם     </UnitOfMeasure><QtyInPackage>לא ידוע</QtyInPackage><UnitOfMeasurePrice>0.0362</UnitOfMeasurePrice><AllowDiscount>1</AllowDiscount><ItemStatus>1</ItemStatus><ItemPrice>19.90</ItemPrice></item><item><PriceUpdateDate>2016-05-01 12:00:45</PriceUpdateDate><ItemCode>7290000403595</ItemCode><ItemType>1</ItemType><ItemName>שוקולד מילקה חלב 100</ItemName><ManufacturerName>מילקה</ManufacturerName><ManufactureCountry>גרמניה</ManufactureCountry><ManufacturerItemDescription>ג'ל גילוח ניוואה.רגיש200</ManufacturerItemDescription><SoldByWeight/><Quantity>100.00</Quantity><UnitOfMeasure>גרם     </UnitOfMeasure><QtyInPackage>לא ידוע</QtyInPackage><UnitOfMeasurePrice>0.0970</UnitOfMeasurePrice><AllowDiscount>1</AllowDiscount><ItemStatus>1</ItemStatus><ItemPrice>9.70</ItemPrice></item><item><PriceUpdateDate>2016-03-01 06:43:17</PriceUpdateDate><ItemCode>7290000403717</ItemCode><ItemType>1</ItemType><ItemName>חמאה רכה אלוויר 250</ItemName><ManufacturerName>אלוויר</ManufacturerName><ManufactureCountry>ישראל</ManufactureCountry><ManufacturerItemDescription>חמאה רכה אלוויר250 גר</ManufacturerItemDescription><SoldByWeight/><Quantity>250.00</Quantity><UnitOfMeasure>גרם     </UnitOfMeasure><QtyInPackage>לא ידוע</QtyInPackage><UnitOfMeasurePrice>0.0852</UnitOfMeasurePrice><AllowDiscount>1</AllowDiscount><ItemStatus>1</ItemStatus><ItemPrice>21.30</ItemPrice></item><item><PriceUpdateDate>2016-03-29 07:10:17</PriceUpdateDate><ItemCode>7290000403786</ItemCode><ItemType>1</ItemType><ItemName>חמאה צרפתית פרזידנט</ItemName><ManufacturerName>פרזידנט</ManufacturerName><ManufactureCountry>ישראל</ManufactureCountry><ManufacturerItemDescription>חמאה צרפתית פרזידנט</ManufacturerItemDescription><SoldByWeight/><Quantity>200.00</Quantity><UnitOfMeasure>גרם     </UnitOfMeasure><QtyInPackage>לא ידוע</QtyInPackage><UnitOfMeasurePrice>0.0825</UnitOfMeasurePrice><AllowDiscount>1</AllowDiscount><ItemStatus>1</ItemStatus><ItemPrice>16.50</ItemPrice></item><item><PriceUpdateDate>2016-05-01 12:00:46</PriceUpdateDate><ItemCode>7290000403816</ItemCode><ItemType>1</ItemType><ItemName>מב דגני בוקר קראנץ'</ItemName><ManufacturerName>קראנץ</ManufacturerName><ManufactureCountry>ישראל</ManufactureCountry><ManufacturerItemDescription>מב דגני בוקר קראנץ'</ManufacturerItemDescription><SoldByWeight/><Quantity>500.00</Quantity><UnitOfMeasure>גרם     </UnitOfMeasure><QtyInPackage>לא ידוע</QtyInPackage><UnitOfMeasurePrice>0.0398</UnitOfMeasurePrice><AllowDiscount>1</AllowDiscount><ItemStatus>1</ItemStatus><ItemPrice>19.90</ItemPrice></item><item><PriceUpdateDate>2015-11-03 06:58:43</PriceUpdateDate><ItemCode>7290000404097</ItemCode><ItemType>1</ItemType><ItemName>שוקולד ריטר מרציפן 1</ItemName><ManufacturerName>לא ידוע</ManufacturerName><ManufactureCountry>גרמניה</ManufactureCountry><ManufacturerItemDescription>מרכך גליס       זלי 400</ManufacturerItemDescription><SoldByWeight/><Quantity>100.00</Quantity><UnitOfMeasure>גרם     </UnitOfMeasure><QtyInPackage>לא ידוע</QtyInPackage><UnitOfMeasurePrice>0.0990</UnitOfMeasurePrice><AllowDiscount>1</AllowDiscount><ItemStatus>1</ItemStatus><ItemPrice>9.90</ItemPrice></item><item><PriceUpdateDate>2015-11-03 06:58:43</PriceUpdateDate><ItemCode>7290000404103</ItemCode><ItemType>1</ItemType><ItemName>שוקולד ריטר חלב נוגט</ItemName><ManufacturerName>ריטר</ManufacturerName><ManufactureCountry>גרמניה</ManufactureCountry><ManufacturerItemDescription>שוקולד ריטר ספורט נוגט פר</ManufacturerItemDescription><SoldByWeight/><Quantity>100.00</Quantity><UnitOfMeasure>גרם     </UnitOfMeasure><QtyInPackage>לא ידוע</QtyInPackage><UnitOfMeasurePrice>0.0990</UnitOfMeasurePrice><AllowDiscount>1</AllowDiscount><ItemStatus>1</ItemStatus><ItemPrice>9.90</ItemPrice></item><item><PriceUpdateDate>2016-05-01 12:00:46</PriceUpdateDate><ItemCode>7290000404134</ItemCode><ItemType>1</ItemType><ItemName>מב סיליט באנג ספריי</ItemName><ManufacturerName>סיליט</ManufacturerName><ManufactureCountry>פולין</ManufactureCountry><ManufacturerItemDescription>מב סיליט באנג ספריי</ManufacturerItemDescription><SoldByWeight/><Quantity>750.00</Quantity><UnitOfMeasure>מ"ל</UnitOfMeasure><QtyInPackage>לא ידוע</QtyInPackage><UnitOfMeasurePrice>0.0132</UnitOfMeasurePrice><AllowDiscount>1</AllowDiscount><ItemStatus>1</ItemStatus><ItemPrice>9.90</ItemPrice></item><item><PriceUpdateDate>2016-05-01 12:00:46</PriceUpdateDate><ItemCode>7290000404141</ItemCode><ItemType>1</ItemType><ItemName>מב מסיר שומנים סיליט</ItemName><ManufacturerName>סיליט</ManufacturerName><ManufactureCountry>פולין</ManufactureCountry><ManufacturerItemDescription>מב מסיר שומנים סיליט</ManufacturerItemDescription><SoldByWeight/><Quantity>750.00</Quantity><UnitOfMeasure>מ"ל</UnitOfMeasure><QtyInPackage>לא ידוע</QtyInPackage><UnitOfMeasurePrice>0.0132</UnitOfMeasurePrice><AllowDiscount>1</AllowDiscount><ItemStatus>1</ItemStatus><ItemPrice>9.90</ItemPrice></item><item><PriceUpdateDate>2016-05-01 12:00:47</PriceUpdateDate><ItemCode>7290000404332</ItemCode><ItemType>1</ItemType><ItemName>טופיפי 125 גרם</ItemName><ManufacturerName>טופיפי</ManufacturerName><ManufactureCountry>גרמניה</ManufactureCountry><ManufacturerItemDescription>זוג הרפיק מוצק   גרם</ManufacturerItemDescription><SoldByWeight/><Quantity>125.00</Quantity><UnitOfMeasure>גרם     </UnitOfMeasure><QtyInPackage>לא ידוע</QtyInPackage><UnitOfMeasurePrice>0.1192</UnitOfMeasurePrice><AllowDiscount>0</AllowDiscount><ItemStatus>1</ItemStatus><ItemPrice>14.90</ItemPrice></item><item><PriceUpdateDate>2016-05-01 12:00:47</PriceUpdateDate><ItemCode>7290000404363</ItemCode><ItemType>1</ItemType><ItemName>סוכריות חמאה וורטרס</ItemName><ManufacturerName>וורטרס אורגינל-שטורק</ManufacturerName><ManufactureCountry>ישראל</ManufactureCountry><ManufacturerItemDescription>סוכריות חמאה וורטרס</ManufacturerItemDescription><SoldByWeight/><Quantity>0.00</Quantity><UnitOfMeasure>יח'</UnitOfMeasure><QtyInPackage>לא ידוע</QtyInPackage><UnitOfMeasurePrice>0.0000</UnitOfMeasurePrice><AllowDiscount>1</AllowDiscount><ItemStatus>1</ItemStatus><ItemPrice>12.80</ItemPrice></item><item><PriceUpdateDate>2016-05-01 12:00:47</PriceUpdateDate><ItemCode>7290000404370</ItemCode><ItemType>1</ItemType><ItemName>בונבונירה מרסי אוריג</ItemName><ManufacturerName>מרסי</ManufacturerName><ManufactureCountry>גרמניה</ManufactureCountry><ManufacturerItemDescription>טמפוני קוטקס    מיני</ManufacturerItemDescription><SoldByWeight/><Quantity>250.00</Quantity><UnitOfMeasure>גרם     </UnitOfMeasure><QtyInPackage>לא ידוע</QtyInPackage><UnitOfMeasurePrice>0.1196</UnitOfMeasurePrice><AllowDiscount>1</AllowDiscount><ItemStatus>1</ItemStatus><ItemPrice>29.90</ItemPrice></item><item><PriceUpdateDate>2016-03-16 14:00:55</PriceUpdateDate><ItemCode>7290000405483</ItemCode><ItemType>1</ItemType><ItemName>טמפוני טמפקס פלאש סו</ItemName><ManufacturerName>פרוקטר אנד גמבל</ManufacturerName><ManufactureCountry>הונגריה</ManufactureCountry><ManufacturerItemDescription>טמפקס פלאש      ר 30 יח'</ManufacturerItemDescription><SoldByWeight/><Quantity>30.00</Quantity><UnitOfMeasure>בודד</UnitOfMeasure><QtyInPackage>לא ידוע</QtyInPackage><UnitOfMeasurePrice>1.1300</UnitOfMeasurePrice><AllowDiscount>1</AllowDiscount><ItemStatus>1</ItemStatus><ItemPrice>33.90</ItemPrice></item><item><PriceUpdateDate>2016-03-16 14:00:55</PriceUpdateDate><ItemCode>7290000405490</ItemCode><ItemType>1</ItemType><ItemName>טמפוני טמפקס פלאש סו</ItemName><ManufacturerName>פרוקטר אנד גמבל</ManufacturerName><ManufactureCountry>הונגריה</ManufactureCountry><ManufacturerItemDescription>טמפקס פלאש סופר 30 יח'</ManufacturerItemDescription><SoldByWeight/><Quantity>0.00</Quantity><UnitOfMeasure>יח'</UnitOfMeasure><QtyInPackage>לא ידוע</QtyInPackage><UnitOfMeasurePrice>0.0000</UnitOfMeasurePrice><AllowDiscount>1</AllowDiscount><ItemStatus>1</ItemStatus><ItemPrice>33.90</ItemPrice></item><item><PriceUpdateDate>2016-05-01 12:00:48</PriceUpdateDate><ItemCode>7290000405537</ItemCode><ItemType>1</ItemType><ItemName>שוקולד מילקה אגוז 10</ItemName><ManufacturerName>מילקה</ManufacturerName><ManufactureCountry>גרמניה</ManufactureCountry><ManufacturerItemDescription>מברשת שיניים    לאי 0-2</ManufacturerItemDescription><SoldByWeight/><Quantity>100.00</Quantity><UnitOfMeasure>גרם     </UnitOfMeasure><QtyInPackage>לא ידוע</QtyInPackage><UnitOfMeasurePrice>0.0970</UnitOfMeasurePrice><AllowDiscount>1</AllowDiscount><ItemStatus>1</ItemStatus><ItemPrice>9.70</ItemPrice></item><item><PriceUpdateDate>2016-03-29 07:28:02</PriceUpdateDate><ItemCode>7290000406114</ItemCode><ItemType>1</ItemType><ItemName>דפים לכביסה ווליט שו</ItemName><ManufacturerName>ווליט</ManufacturerName><ManufactureCountry>איטליה</ManufactureCountry><ManufacturerItemDescription>דפים לכביסה ווליט שו</ManufacturerItemDescription><SoldByWeight/><Quantity>10.00</Quantity><UnitOfMeasure>בודד</UnitOfMeasure><QtyInPackage>לא ידוע</QtyInPackage><UnitOfMeasurePrice>1.9900</UnitOfMeasurePrice><AllowDiscount>1</AllowDiscount><ItemStatus>1</ItemStatus><ItemPrice>19.90</ItemPrice></item><item><PriceUpdateDate>2016-05-01 12:00:49</PriceUpdateDate><ItemCode>7290000406381</ItemCode><ItemType>1</ItemType><ItemName>מב בקרדי בריזר לימון</ItemName><ManufacturerName>בקרדי</ManufacturerName><ManufactureCountry>גרמניה</ManufactureCountry><ManufacturerItemDescription>מרכך בדין960מ    חדש 960</ManufacturerItemDescription><SoldByWeight/><Quantity>275.00</Quantity><UnitOfMeasure>מ"ל</UnitOfMeasure><QtyInPackage>לא ידוע</QtyInPackage><UnitOfMeasurePrice>0.0433</UnitOfMeasurePrice><AllowDiscount>1</AllowDiscount><ItemStatus>1</ItemStatus><ItemPrice>11.90</ItemPrice></item><item><PriceUpdateDate>2016-05-01 12:00:49</PriceUpdateDate><ItemCode>7290000406398</ItemCode><ItemType>1</ItemType><ItemName>מב בקרדי בריזראננס 2</ItemName><ManufacturerName>בקרדי</ManufacturerName><ManufactureCountry>גרמניה</ManufactureCountry><ManufacturerItemDescription>בקרדי בריזר אננס 275 מל</ManufacturerItemDescription><SoldByWeight/><Quantity>275.00</Quantity><UnitOfMeasure>מ"ל</UnitOfMeasure><QtyInPackage>לא ידוע</QtyInPackage><UnitOfMeasurePrice>0.0433</UnitOfMeasurePrice><AllowDiscount>1</AllowDiscount><ItemStatus>1</ItemStatus><ItemPrice>11.90</ItemPrice></item><item><PriceUpdateDate>2016-03-29 07:31:10</PriceUpdateDate><ItemCode>7290000406855</ItemCode><ItemType>1</ItemType><ItemName>ריבת מעדן משמש ללא ס</ItemName><ManufacturerName>סאן דלפור</ManufacturerName><ManufactureCountry>ישראל</ManufactureCountry><ManufacturerItemDescription>ריבת מעדן משמש ללא ס</ManufacturerItemDescription><SoldByWeight/><Quantity>284.00</Quantity><UnitOfMeasure>גרם     </UnitOfMeasure><QtyInPackage>לא ידוע</QtyInPackage><UnitOfMeasurePrice>0.0701</UnitOfMeasurePrice><AllowDiscount>1</AllowDiscount><ItemStatus>1</ItemStatus><ItemPrice>19.90</ItemPrice></item><item><PriceUpdateDate>2016-03-29 07:31:10</PriceUpdateDate><ItemCode>7290000406862</ItemCode><ItemType>1</ItemType><ItemName>ריבת מעדן דובדבן שחו</ItemName><ManufacturerName>סאן דלפור</ManufacturerName><ManufactureCountry>ישראל</ManufactureCountry><ManufacturerItemDescription>מעדן דובדבנים שחורים 284</ManufacturerItemDescription><SoldByWeight/><Quantity>284.00</Quantity><UnitOfMeasure>גרם     </UnitOfMeasure><QtyInPackage>לא ידוע</QtyInPackage><UnitOfMeasurePrice>0.0701</UnitOfMeasurePrice><AllowDiscount>1</AllowDiscount><ItemStatus>1</ItemStatus><ItemPrice>19.90</ItemPrice></item><item><PriceUpdateDate>2016-03-29 07:31:10</PriceUpdateDate><ItemCode>7290000406923</ItemCode><ItemType>1</ItemType><ItemName>ריבת מעדן פטל ללא סו</ItemName><ManufacturerName>סאן דלפור</ManufacturerName><ManufactureCountry>ישראל</ManufactureCountry><ManufacturerItemDescription>מעדן פטל 284 גר</ManufacturerItemDescription><SoldByWeight/><Quantity>284.00</Quantity><UnitOfMeasure>גרם     </UnitOfMeasure><QtyInPackage>לא ידוע</QtyInPackage><UnitOfMeasurePrice>0.0701</UnitOfMeasurePrice><AllowDiscount>1</AllowDiscount><ItemStatus>1</ItemStatus><ItemPrice>19.90</ItemPrice></item><item><PriceUpdateDate>2016-03-29 07:31:10</PriceUpdateDate><ItemCode>7290000406930</ItemCode><ItemType>1</ItemType><ItemName>ריבת מעדן תות שדה לל</ItemName><ManufacturerName>סאן דלפור</ManufacturerName><ManufactureCountry>ישראל</ManufactureCountry><ManufacturerItemDescription>מעדן תות שדה 284 גר</ManufacturerItemDescription><SoldByWeight/><Quantity>284.00</Quantity><UnitOfMeasure>גרם     </UnitOfMeasure><QtyInPackage>לא ידוע</QtyInPackage><UnitOfMeasurePrice>0.0701</UnitOfMeasurePrice><AllowDiscount>1</AllowDiscount><ItemStatus>1</ItemStatus><ItemPrice>19.90</ItemPrice></item><item><PriceUpdateDate>2016-03-29 07:31:10</PriceUpdateDate><ItemCode>7290000406947</ItemCode><ItemType>1</ItemType><ItemName>ריבת מעדן תפוז+ג'ינג</ItemName><ManufacturerName>סאן דלפור</ManufacturerName><ManufactureCountry>ישראל</ManufactureCountry><ManufacturerItemDescription>ריבת מעדן תפוז+ג'ינג</ManufacturerItemDescription><SoldByWeight/><Quantity>284.00</Quantity><UnitOfMeasure>גרם     </UnitOfMeasure><QtyInPackage>לא ידוע</QtyInPackage><UnitOfMeasurePrice>0.0701</UnitOfMeasurePrice><AllowDiscount>1</AllowDiscount><ItemStatus>1</ItemStatus><ItemPrice>19.90</ItemPrice></item><item><PriceUpdateDate>2016-05-01 12:00:50</PriceUpdateDate><ItemCode>7290000407975</ItemCode><ItemType>1</ItemType><ItemName>ביסקויט לוטוס קרמל 3</ItemName><ManufacturerName>לוטוס</ManufacturerName><ManufactureCountry>בלגיה</ManufactureCountry><ManufacturerItemDescription>ביסקוויט לוטוס  רוז 50יח</ManufacturerItemDescription><SoldByWeight/><Quantity>312.00</Quantity><UnitOfMeasure>גרם     </UnitOfMeasure><QtyInPackage>לא ידוע</QtyInPackage><UnitOfMeasurePrice>0.0574</UnitOfMeasurePrice><AllowDiscount>1</AllowDiscount><ItemStatus>1</ItemStatus><ItemPrice>17.90</ItemPrice></item><item><PriceUpdateDate>2015-10-13 11:27:34</PriceUpdateDate><ItemCode>7290000408316</ItemCode><ItemType>1</ItemType><ItemName>דנונה טבעי 3% 200 גר</ItemName><ManufacturerName>דנונה</ManufacturerName><ManufactureCountry>ישראל</ManufactureCountry><ManufacturerItemDescription>דנונה 200 3%- גרם</ManufacturerItemDescription><SoldByWeight/><Quantity>200.00</Quantity><UnitOfMeasure>גרם     </UnitOfMeasure><QtyInPackage>לא ידוע</QtyInPackage><UnitOfMeasurePrice>0.0200</UnitOfMeasurePrice><AllowDiscount>1</AllowDiscount><ItemStatus>1</ItemStatus><ItemPrice>4.00</ItemPrice></item><item><PriceUpdateDate>2016-03-16 14:01:02</PriceUpdateDate><ItemCode>7290000408354</ItemCode><ItemType>1</ItemType><ItemName>דנונה בר עם פצפוצי ש</ItemName><ManufacturerName>דנונה</ManufacturerName><ManufactureCountry>ישראל</ManufactureCountry><ManufacturerItemDescription>דנונה+דגנים שוקולד200 1/2</ManufacturerItemDescription><SoldByWeight/><Quantity>173.00</Quantity><UnitOfMeasure>גרם     </UnitOfMeasure><QtyInPackage>לא ידוע</QtyInPackage><UnitOfMeasurePrice>0.0260</UnitOfMeasurePrice><AllowDiscount>1</AllowDiscount><ItemStatus>1</ItemStatus><ItemPrice>4.50</ItemPrice></item><item><PriceUpdateDate>2016-05-01 12:00:50</PriceUpdateDate><ItemCode>7290000408491</ItemCode><ItemType>1</ItemType><ItemName>קינדר שוקובון 125 גר</ItemName><ManufacturerName>קינדר</ManufacturerName><ManufactureCountry>בלגיה</ManufactureCountry><ManufacturerItemDescription>קינדר שוקובון   1 גרם</ManufacturerItemDescription><SoldByWeight/><Quantity>125.00</Quantity><UnitOfMeasure>גרם     </UnitOfMeasure><QtyInPackage>לא ידוע</QtyInPackage><UnitOfMeasurePrice>0.1192</UnitOfMeasurePrice><AllowDiscount>1</AllowDiscount><ItemStatus>1</ItemStatus><ItemPrice>14.90</ItemPrice></item><item><PriceUpdateDate>2016-05-01 10:17:59</PriceUpdateDate><ItemCode>7290000408507</ItemCode><ItemType>1</ItemType><ItemName>פופקורן הוט פופ מלח</ItemName><ManufacturerName>ליימן חטיבת המותגים</ManufacturerName><ManufactureCountry>ארצות הברית</ManufactureCountry><ManufacturerItemDescription>וילדה מטלית</ManufacturerItemDescription><SoldByWeight/><Quantity>600.00</Quantity><UnitOfMeasure>גרם     </UnitOfMeasure><QtyInPackage>לא ידוע</QtyInPackage><UnitOfMeasurePrice>0.0248</UnitOfMeasurePrice><AllowDiscount>1</AllowDiscount><ItemStatus>1</ItemStatus><ItemPrice>14.90</ItemPrice></item><item><PriceUpdateDate>2016-05-01 10:17:59</PriceUpdateDate><ItemCode>7290000408521</ItemCode><ItemType>1</ItemType><ItemName>פופקורן הוט פופ לייט</ItemName><ManufacturerName>ליימן חטיבת המותגים</ManufacturerName><ManufactureCountry>ארצות הברית</ManufactureCountry><ManufacturerItemDescription>אג'קס ניקוי כללילימון 2ל</ManufacturerItemDescription><SoldByWeight/><Quantity>510.00</Quantity><UnitOfMeasure>גרם     </UnitOfMeasure><QtyInPackage>לא ידוע</QtyInPackage><UnitOfMeasurePrice>0.0292</UnitOfMeasurePrice><AllowDiscount>1</AllowDiscount><ItemStatus>1</ItemStatus><ItemPrice>14.90</ItemPrice></item><item><PriceUpdateDate>2016-05-01 12:00:50</PriceUpdateDate><ItemCode>7290000408576</ItemCode><ItemType>1</ItemType><ItemName>עלי טורטייה 340 גרם</ItemName><ManufacturerName>מסטמכר</ManufacturerName><ManufactureCountry>ישראל</ManufactureCountry><ManufacturerItemDescription>עלי טורטייה 340 גרם</ManufacturerItemDescription><SoldByWeight/><Quantity>340.00</Quantity><UnitOfMeasure>גרם     </UnitOfMeasure><QtyInPackage>לא ידוע</QtyInPackage><UnitOfMeasurePrice>0.0544</UnitOfMeasurePrice><AllowDiscount>1</AllowDiscount><ItemStatus>1</ItemStatus><ItemPrice>18.50</ItemPrice></item><item><PriceUpdateDate>2016-05-01 12:00:50</PriceUpdateDate><ItemCode>7290000408965</ItemCode><ItemType>1</ItemType><ItemName>משקה אנרגיה אקסל 250</ItemName><ManufacturerName>XL</ManufacturerName><ManufactureCountry>ישראל</ManufactureCountry><ManufacturerItemDescription>משקה אנרגיה XL מל</ManufacturerItemDescription><SoldByWeight/><Quantity>250.00</Quantity><UnitOfMeasure>מ"ל</UnitOfMeasure><QtyInPackage>לא ידוע</QtyInPackage><UnitOfMeasurePrice>0.0120</UnitOfMeasurePrice><AllowDiscount>1</AllowDiscount><ItemStatus>1</ItemStatus><ItemPrice>3.00</ItemPrice></item><item><PriceUpdateDate>2015-11-02 17:18:59</PriceUpdateDate><ItemCode>7290000409238</ItemCode><ItemType>1</ItemType><ItemName>יין קלאסיק קברנה סוב</ItemName><ManufacturerName>ברקן קלאסיק</ManufacturerName><ManufactureCountry>ישראל</ManufactureCountry><ManufacturerItemDescription>יין קלאסיק קברנה סוביניון</ManufacturerItemDescription><SoldByWeight/><Quantity>750.00</Quantity><UnitOfMeasure>מ"ל</UnitOfMeasure><QtyInPackage>לא ידוע</QtyInPackage><UnitOfMeasurePrice>0.0483</UnitOfMeasurePrice><AllowDiscount>1</AllowDiscount><ItemStatus>1</ItemStatus><ItemPrice>36.20</ItemPrice></item><item><PriceUpdateDate>2016-02-15 07:37:43</PriceUpdateDate><ItemCode>7290000409481</ItemCode><ItemType>1</ItemType><ItemName>יופלה תות 3% 150 גרם</ItemName><ManufacturerName>יופלה</ManufacturerName><ManufactureCountry>ישראל</ManufactureCountry><ManufacturerItemDescription>יופלה תות 150 3% מל</ManufacturerItemDescription><SoldByWeight/><Quantity>150.00</Quantity><UnitOfMeasure>גרם     </UnitOfMeasure><QtyInPackage>לא ידוע</QtyInPackage><UnitOfMeasurePrice>0.0353</UnitOfMeasurePrice><AllowDiscount>1</AllowDiscount><ItemStatus>1</ItemStatus><ItemPrice>5.30</ItemPrice></item><item><PriceUpdateDate>2016-02-15 07:37:43</PriceUpdateDate><ItemCode>7290000409504</ItemCode><ItemType>1</ItemType><ItemName>יופלה דובדבן 3% 150</ItemName><ManufacturerName>יופלה</ManufacturerName><ManufactureCountry>ישראל</ManufactureCountry><ManufacturerItemDescription>יופלה דובדבן 150 3% מל</ManufacturerItemDescription><SoldByWeight/><Quantity>150.00</Quantity><UnitOfMeasure>גרם     </UnitOfMeasure><QtyInPackage>לא ידוע</QtyInPackage><UnitOfMeasurePrice>0.0353</UnitOfMeasurePrice><AllowDiscount>1</AllowDiscount><ItemStatus>1</ItemStatus><ItemPrice>5.30</ItemPrice></item><item><PriceUpdateDate>2016-02-15 07:37:43</PriceUpdateDate><ItemCode>7290000409511</ItemCode><ItemType>1</ItemType><ItemName>יופלה אפרסק 3% 150 ג</ItemName><ManufacturerName>יופלה</ManufacturerName><ManufactureCountry>ישראל</ManufactureCountry><ManufacturerItemDescription>יופלה אפרסק 150 3% מל</ManufacturerItemDescription><SoldByWeight/><Quantity>150.00</Quantity><UnitOfMeasure>גרם     </UnitOfMeasure><QtyInPackage>לא ידוע</QtyInPackage><UnitOfMeasurePrice>0.0353</UnitOfMeasurePrice><AllowDiscount>1</AllowDiscount><ItemStatus>1</ItemStatus><ItemPrice>5.30</ItemPrice></item><item><PriceUpdateDate>2015-11-13 10:56:43</PriceUpdateDate><ItemCode>7290000409566</ItemCode><ItemType>1</ItemType><ItemName>גבינה טוסטי אדם ישרא</ItemName><ManufacturerName>טוסטי</ManufacturerName><ManufactureCountry>ישראל</ManufactureCountry><ManufacturerItemDescription>גבינה מותכת טוסטי-אדם22%פ</ManufacturerItemDescription><SoldByWeight/><Quantity>200.00</Quantity><UnitOfMeasure>גרם     </UnitOfMeasure><QtyInPackage>לא ידוע</QtyInPackage><UnitOfMeasurePrice>0.0945</UnitOfMeasurePrice><AllowDiscount>1</AllowDiscount><ItemStatus>1</ItemStatus><ItemPrice>18.90</ItemPrice></item><item><PriceUpdateDate>2015-10-13 11:27:29</PriceUpdateDate><ItemCode>7290000409610</ItemCode><ItemType>1</ItemType><ItemName>שמנת מועשרת 15% יטבת</ItemName><ManufacturerName>יטבתה</ManufacturerName><ManufactureCountry>ישראל</ManufactureCountry><ManufacturerItemDescription>שמנת יטבתה 200 מעושרת  פי</ManufacturerItemDescription><SoldByWeight/><Quantity>200.00</Quantity><UnitOfMeasure>מ"ל</UnitOfMeasure><QtyInPackage>לא ידוע</QtyInPackage><UnitOfMeasurePrice>0.0135</UnitOfMeasurePrice><AllowDiscount>1</AllowDiscount><ItemStatus>1</ItemStatus><ItemPrice>2.70</ItemPrice></item><item><PriceUpdateDate>2015-10-22 08:37:08</PriceUpdateDate><ItemCode>7290000409627</ItemCode><ItemType>1</ItemType><ItemName>לבן מועשר 4.5% יטבתה</ItemName><ManufacturerName>יטבתה</ManufacturerName><ManufactureCountry>ישראל</ManufactureCountry><ManufacturerItemDescription>לבן 4.5% יוטבתה 200 גרם</ManufacturerItemDescription><SoldByWeight/><Quantity>200.00</Quantity><UnitOfMeasure>מ"ל</UnitOfMeasure><QtyInPackage>לא ידוע</QtyInPackage><UnitOfMeasurePrice>0.0110</UnitOfMeasurePrice><AllowDiscount>1</AllowDiscount><ItemStatus>1</ItemStatus><ItemPrice>2.20</ItemPrice></item><item><PriceUpdateDate>2015-10-22 08:37:08</PriceUpdateDate><ItemCode>7290000409634</ItemCode><ItemType>1</ItemType><ItemName>לבן מועשר 3% יטבתה 2</ItemName><ManufacturerName>יטבתה</ManufacturerName><ManufactureCountry>ישראל</ManufactureCountry><ManufacturerItemDescription>לבן יוטבתה רווית200 3%מל</ManufacturerItemDescription><SoldByWeight/><Quantity>200.00</Quantity><UnitOfMeasure>מ"ל</UnitOfMeasure><QtyInPackage>לא ידוע</QtyInPackage><UnitOfMeasurePrice>0.0115</UnitOfMeasurePrice><AllowDiscount>1</AllowDiscount><ItemStatus>1</ItemStatus><ItemPrice>2.30</ItemPrice></item><item><PriceUpdateDate>2016-02-11 11:10:53</PriceUpdateDate><ItemCode>7290000409641</ItemCode><ItemType>1</ItemType><ItemName>חלב 3% בשקית 1 ליטר</ItemName><ManufacturerName>חלב תנובה</ManufacturerName><ManufactureCountry>ישראל</ManufactureCountry><ManufacturerItemDescription>חלב1 3% ל.שקית פיקוח</ManufacturerItemDescription><SoldByWeight/><Quantity>1000.00</Quantity><UnitOfMeasure>מ"ל</UnitOfMeasure><QtyInPackage>לא ידוע</QtyInPackage><UnitOfMeasurePrice>0.0050</UnitOfMeasurePrice><AllowDiscount>1</AllowDiscount><ItemStatus>1</ItemStatus><ItemPrice>5.00</ItemPrice></item><item><PriceUpdateDate>2016-02-14 06:39:51</PriceUpdateDate><ItemCode>7290000409665</ItemCode><ItemType>1</ItemType><ItemName>חלב על הבוקר 1% מועש</ItemName><ManufacturerName>חלב תנובה</ManufacturerName><ManufactureCountry>ישראל</ManufactureCountry><ManufacturerItemDescription>חלב 1% על הבוקר קרטון+פקק</ManufacturerItemDescription><SoldByWeight/><Quantity>1000.00</Quantity><UnitOfMeasure>מ"ל</UnitOfMeasure><QtyInPackage>לא ידוע</QtyInPackage><UnitOfMeasurePrice>0.0089</UnitOfMeasurePrice><AllowDiscount>1</AllowDiscount><ItemStatus>1</ItemStatus><ItemPrice>8.90</ItemPrice></item><item><PriceUpdateDate>2016-04-24 08:06:09</PriceUpdateDate><ItemCode>7290000409689</ItemCode><ItemType>1</ItemType><ItemName>חלב כד 1% שומן 2 ליט</ItemName><ManufacturerName>חלב תנובה</ManufacturerName><ManufactureCountry>ישראל</ManufactureCountry><ManufacturerItemDescription>חלב2 1% ל.בכד</ManufacturerItemDescription><SoldByWeight/><Quantity>2000.00</Quantity><UnitOfMeasure>מ"ל</UnitOfMeasure><QtyInPackage>לא ידוע</QtyInPackage><UnitOfMeasurePrice>0.0054</UnitOfMeasurePrice><AllowDiscount>1</AllowDiscount><ItemStatus>1</ItemStatus><ItemPrice>10.80</ItemPrice></item><item><PriceUpdateDate>2016-04-24 08:06:09</PriceUpdateDate><ItemCode>7290000409696</ItemCode><ItemType>1</ItemType><ItemName>חלב כד 3% 2 ליטר</ItemName><ManufacturerName>חלב תנובה</ManufacturerName><ManufactureCountry>ישראל</ManufactureCountry><ManufacturerItemDescription>חלב 2 3% ליטר בכד</ManufacturerItemDescription><SoldByWeight/><Quantity>2000.00</Quantity><UnitOfMeasure>מ"ל</UnitOfMeasure><QtyInPackage>לא ידוע</QtyInPackage><UnitOfMeasurePrice>0.0058</UnitOfMeasurePrice><AllowDiscount>1</AllowDiscount><ItemStatus>1</ItemStatus><ItemPrice>11.50</ItemPrice></item><item><PriceUpdateDate>2015-10-13 11:27:29</PriceUpdateDate><ItemCode>7290000409719</ItemCode><ItemType>1</ItemType><ItemName>חלב מועשר יטבתה 3% ב</ItemName><ManufacturerName>יטבתה</ManufacturerName><ManufactureCountry>ישראל</ManufactureCountry><ManufacturerItemDescription>חלב1 3% ל.שקית מועשר יוטב</ManufacturerItemDescription><SoldByWeight/><Quantity>1000.00</Quantity><UnitOfMeasure>מ"ל</UnitOfMeasure><QtyInPackage>לא ידוע</QtyInPackage><UnitOfMeasurePrice>0.0065</UnitOfMeasurePrice><AllowDiscount>1</AllowDiscount><ItemStatus>1</ItemStatus><ItemPrice>6.50</ItemPrice></item><item><PriceUpdateDate>2016-05-08 10:32:12</PriceUpdateDate><ItemCode>7290000409726</ItemCode><ItemType>1</ItemType><ItemName>חלב 1% בקרטון 1 ליטר</ItemName><ManufacturerName>חלב תנובה</ManufacturerName><ManufactureCountry>ישראל</ManufactureCountry><ManufacturerItemDescription>חלב1 1% ל.קרטון פיקוח</ManufacturerItemDescription><SoldByWeight/><Quantity>1000.00</Quantity><UnitOfMeasure>מ"ל</UnitOfMeasure><QtyInPackage>לא ידוע</QtyInPackage><UnitOfMeasurePrice>0.0054</UnitOfMeasurePrice><AllowDiscount>1</AllowDiscount><ItemStatus>1</ItemStatus><ItemPrice>5.00</ItemPrice></item><item><PriceUpdateDate>2016-05-08 10:32:12</PriceUpdateDate><ItemCode>7290000409733</ItemCode><ItemType>1</ItemType><ItemName>חלב 3% בקרטון 1 ליטר</ItemName><ManufacturerName>חלב תנובה</ManufacturerName><ManufactureCountry>ישראל</ManufactureCountry><ManufacturerItemDescription>חלב1 3% ל.קרטון+פקק פיקוח</ManufacturerItemDescription><SoldByWeight/><Quantity>1000.00</Quantity><UnitOfMeasure>מ"ל</UnitOfMeasure><QtyInPackage>לא ידוע</QtyInPackage><UnitOfMeasurePrice>0.0058</UnitOfMeasurePrice><AllowDiscount>1</AllowDiscount><ItemStatus>1</ItemStatus><ItemPrice>5.00</ItemPrice></item><item><PriceUpdateDate>2016-02-14 06:39:51</PriceUpdateDate><ItemCode>7290000409740</ItemCode><ItemType>1</ItemType><ItemName>חלב 1% מועשר בחלבוני</ItemName><ManufacturerName>חלב תנובה</ManufacturerName><ManufactureCountry>ישראל</ManufactureCountry><ManufacturerItemDescription>חלב 1% מועשר קרטון+פקק1 ל</ManufacturerItemDescription><SoldByWeight/><Quantity>1000.00</Quantity><UnitOfMeasure>מ"ל</UnitOfMeasure><QtyInPackage>לא ידוע</QtyInPackage><UnitOfMeasurePrice>0.0089</UnitOfMeasurePrice><AllowDiscount>1</AllowDiscount><ItemStatus>1</ItemStatus><ItemPrice>8.90</ItemPrice></item><item><PriceUpdateDate>2015-10-22 08:04:45</PriceUpdateDate><ItemCode>7290000409757</ItemCode><ItemType>1</ItemType><ItemName>חלב עמיד 3% בקרטון 1</ItemName><ManufacturerName>חלב תנובה</ManufacturerName><ManufactureCountry>ישראל</ManufactureCountry><ManufacturerItemDescription>חלב עמיד1 ל 3% .קרטון</ManufacturerItemDescription><SoldByWeight/><Quantity>1000.00</Quantity><UnitOfMeasure>מ"ל</UnitOfMeasure><QtyInPackage>לא ידוע</QtyInPackage><UnitOfMeasurePrice>0.0074</UnitOfMeasurePrice><AllowDiscount>1</AllowDiscount><ItemStatus>1</ItemStatus><ItemPrice>7.40</ItemPrice></item><item><PriceUpdateDate>2015-10-22 08:04:45</PriceUpdateDate><ItemCode>7290000409801</ItemCode><ItemType>1</ItemType><ItemName>חלב עמיד3% 250 מ''ל</ItemName><ManufacturerName>חלב תנובה</ManufacturerName><ManufactureCountry>ישראל</ManufactureCountry><ManufacturerItemDescription>חלב עמיד 250 מל</ManufacturerItemDescription><SoldByWeight/><Quantity>250.00</Quantity><UnitOfMeasure>מ"ל</UnitOfMeasure><QtyInPackage>לא ידוע</QtyInPackage><UnitOfMeasurePrice>0.0112</UnitOfMeasurePrice><AllowDiscount>1</AllowDiscount><ItemStatus>1</ItemStatus><ItemPrice>2.80</ItemPrice></item><item><PriceUpdateDate>2015-10-13 11:27:29</PriceUpdateDate><ItemCode>7290000409832</ItemCode><ItemType>1</ItemType><ItemName>שוקו יטבתה שקית 225</ItemName><ManufacturerName>יטבתה</ManufacturerName><ManufactureCountry>ישראל</ManufactureCountry><ManufacturerItemDescription>שוקו בשקית 225 מל.יוטבתה</ManufacturerItemDescription><SoldByWeight/><Quantity>225.00</Quantity><UnitOfMeasure>מ"ל</UnitOfMeasure><QtyInPackage>לא ידוע</QtyInPackage><UnitOfMeasurePrice>0.0120</UnitOfMeasurePrice><AllowDiscount>1</AllowDiscount><ItemStatus>1</ItemStatus><ItemPrice>2.70</ItemPrice></item><item><PriceUpdateDate>2016-02-11 11:10:54</PriceUpdateDate><ItemCode>7290000409863</ItemCode><ItemType>1</ItemType><ItemName>חמאה רגילה 200 גרם</ItemName><ManufacturerName>תנובה</ManufacturerName><ManufactureCountry>ישראל</ManufactureCountry><ManufacturerItemDescription>חמאה 200 גרם פיקוח</ManufacturerItemDescription><SoldByWeight/><Quantity>200.00</Quantity><UnitOfMeasure>גרם     </UnitOfMeasure><QtyInPackage>לא ידוע</QtyInPackage><UnitOfMeasurePrice>0.0380</UnitOfMeasurePrice><AllowDiscount>1</AllowDiscount><ItemStatus>1</ItemStatus><ItemPrice>7.60</ItemPrice></item><item><PriceUpdateDate>2015-10-13 11:27:29</PriceUpdateDate><ItemCode>7290000409870</ItemCode><ItemType>1</ItemType><ItemName>חמאה מלוחה 200 גרם</ItemName><ManufacturerName>חמאת תנובה</ManufacturerName><ManufactureCountry>ישראל</ManufactureCountry><ManufacturerItemDescription>חמאה מלוחה200 ג</ManufacturerItemDescription><SoldByWeight/><Quantity>200.00</Quantity><UnitOfMeasure>גרם     </UnitOfMeasure><QtyInPackage>לא ידוע</QtyInPackage><UnitOfMeasurePrice>0.0485</UnitOfMeasurePrice><AllowDiscount>1</AllowDiscount><ItemStatus>1</ItemStatus><ItemPrice>9.70</ItemPrice></item><item><PriceUpdateDate>2016-02-11 11:10:54</PriceUpdateDate><ItemCode>7290000409887</ItemCode><ItemType>1</ItemType><ItemName>שמנת עמידה לקצפת 38%</ItemName><ManufacturerName>שף לבן</ManufacturerName><ManufactureCountry>ישראל</ManufactureCountry><ManufacturerItemDescription>שמנת מתוקה עמידה</ManufacturerItemDescription><SoldByWeight/><Quantity>250.00</Quantity><UnitOfMeasure>מ"ל</UnitOfMeasure><QtyInPackage>לא ידוע</QtyInPackage><UnitOfMeasurePrice>0.0238</UnitOfMeasurePrice><AllowDiscount>1</AllowDiscount><ItemStatus>1</ItemStatus><ItemPrice>5.95</ItemPrice></item><item><PriceUpdateDate>2016-02-15 07:37:43</PriceUpdateDate><ItemCode>7290000409900</ItemCode><ItemType>1</ItemType><ItemName>ריוויון 1.5% שומן 1</ItemName><ManufacturerName>ריויון</ManufacturerName><ManufactureCountry>ישראל</ManufactureCountry><ManufacturerItemDescription>רויון 1 ליטר בקרטון</ManufacturerItemDescription><SoldByWeight/><Quantity>1000.00</Quantity><UnitOfMeasure>מ"ל</UnitOfMeasure><QtyInPackage>לא ידוע</QtyInPackage><UnitOfMeasurePrice>0.0117</UnitOfMeasurePrice><AllowDiscount>1</AllowDiscount><ItemStatus>1</ItemStatus><ItemPrice>11.70</ItemPrice></item><item><PriceUpdateDate>2015-10-13 11:27:29</PriceUpdateDate><ItemCode>7290000409917</ItemCode><ItemType>1</ItemType><ItemName>יוגורט כד תנובה 1.5</ItemName><ManufacturerName>יופלה</ManufacturerName><ManufactureCountry>ישראל</ManufactureCountry><ManufacturerItemDescription>יוגורט 1.5 ל .בכד</ManufacturerItemDescription><SoldByWeight/><Quantity>1500.00</Quantity><UnitOfMeasure>מ"ל</UnitOfMeasure><QtyInPackage>לא ידוע</QtyInPackage><UnitOfMeasurePrice>0.0114</UnitOfMeasurePrice><AllowDiscount>1</AllowDiscount><ItemStatus>1</ItemStatus><ItemPrice>17.10</ItemPrice></item><item><PriceUpdateDate>2015-11-13 10:56:43</PriceUpdateDate><ItemCode>7290000409931</ItemCode><ItemType>1</ItemType><ItemName>שלי3% שומן 200 מ"ל</ItemName><ManufacturerName>שלי</ManufacturerName><ManufactureCountry>ישראל</ManufactureCountry><ManufacturerItemDescription>שלי3% שומן 200 מ"ל</ManufacturerItemDescription><SoldByWeight/><Quantity>200.00</Quantity><UnitOfMeasure>מ"ל</UnitOfMeasure><QtyInPackage>לא ידוע</QtyInPackage><UnitOfMeasurePrice>0.0160</UnitOfMeasurePrice><AllowDiscount>1</AllowDiscount><ItemStatus>1</ItemStatus><ItemPrice>3.20</ItemPrice></item><item><PriceUpdateDate>2015-10-22 08:04:45</PriceUpdateDate><ItemCode>7290000409955</ItemCode><ItemType>1</ItemType><ItemName>ריויון חצי ליטר</ItemName><ManufacturerName>ריויון</ManufacturerName><ManufactureCountry>ישראל</ManufactureCountry><ManufacturerItemDescription>רויון500 מל .קרטון</ManufacturerItemDescription><SoldByWeight/><Quantity>500.00</Quantity><UnitOfMeasure>מ"ל</UnitOfMeasure><QtyInPackage>לא ידוע</QtyInPackage><UnitOfMeasurePrice>0.0136</UnitOfMeasurePrice><AllowDiscount>1</AllowDiscount><ItemStatus>1</ItemStatus><ItemPrice>6.80</ItemPrice></item><item><PriceUpdateDate>2015-11-13 10:56:43</PriceUpdateDate><ItemCode>7290000409979</ItemCode><ItemType>1</ItemType><ItemName>מעדן באדי תות 500 גר</ItemName><ManufacturerName>באדי</ManufacturerName><ManufactureCountry>ישראל</ManufactureCountry><ManufacturerItemDescription>באדי תות 500 3% מל</ManufacturerItemDescription><SoldByWeight/><Quantity>500.00</Quantity><UnitOfMeasure>גרם     </UnitOfMeasure><QtyInPackage>לא ידוע</QtyInPackage><UnitOfMeasurePrice>0.0196</UnitOfMeasurePrice><AllowDiscount>1</AllowDiscount><ItemStatus>1</ItemStatus><ItemPrice>9.80</ItemPrice></item><item><PriceUpdateDate>2015-10-13 11:27:29</PriceUpdateDate><ItemCode>7290000410029</ItemCode><ItemType>1</ItemType><ItemName>גבינת קולאז עיזים גל</ItemName><ManufacturerName>גבינות תנובה</ManufacturerName><ManufactureCountry>ישראל</ManufactureCountry><ManufacturerItemDescription>גבינהצאן פרומעז גלילית 20</ManufacturerItemDescription><SoldByWeight/><Quantity>200.00</Quantity><UnitOfMeasure>גרם     </UnitOfMeasure><QtyInPackage>לא ידוע</QtyInPackage><UnitOfMeasurePrice>0.1310</UnitOfMeasurePrice><AllowDiscount>1</AllowDiscount><ItemStatus>1</ItemStatus><ItemPrice>26.20</ItemPrice></item><item><PriceUpdateDate>2016-03-01 07:12:47</PriceUpdateDate><ItemCode>7290000410098</ItemCode><ItemType>1</ItemType><ItemName>צהובה גוש חלב 28% פר</ItemName><ManufacturerName>גוש חלב</ManufacturerName><ManufactureCountry>ישראל</ManufactureCountry><ManufacturerItemDescription>גבינה קשה גוש חלב פרוס200</ManufacturerItemDescription><SoldByWeight/><Quantity>200.00</Quantity><UnitOfMeasure>גרם     </UnitOfMeasure><QtyInPackage>לא ידוע</QtyInPackage><UnitOfMeasurePrice>0.0695</UnitOfMeasurePrice><AllowDiscount>1</AllowDiscount><ItemStatus>1</ItemStatus><ItemPrice>13.90</ItemPrice></item><item><PriceUpdateDate>2015-10-13 11:27:29</PriceUpdateDate><ItemCode>7290000410104</ItemCode><ItemType>1</ItemType><ItemName>צהובה גלבוע 22% פרוס</ItemName><ManufacturerName>גלבוע</ManufacturerName><ManufactureCountry>ישראל</ManufactureCountry><ManufacturerItemDescription>גבינהקשה גלבוע פרוס200גר</ManufacturerItemDescription><SoldByWeight/><Quantity>200.00</Quantity><UnitOfMeasure>גרם     </UnitOfMeasure><QtyInPackage>לא ידוע</QtyInPackage><UnitOfMeasurePrice>0.0660</UnitOfMeasurePrice><AllowDiscount>1</AllowDiscount><ItemStatus>1</ItemStatus><ItemPrice>13.20</ItemPrice></item><item><PriceUpdateDate>2015-10-13 11:27:29</PriceUpdateDate><ItemCode>7290000410258</ItemCode><ItemType>1</ItemType><ItemName>גבינת כנען כחושה 5%</ItemName><ManufacturerName>שף לבן</ManufacturerName><ManufactureCountry>ישראל</ManufactureCountry><ManufacturerItemDescription>גבינת כנען כחושה 5%</ManufacturerItemDescription><SoldByWeight/><Quantity>500.00</Quantity><UnitOfMeasure>גרם     </UnitOfMeasure><QtyInPackage>לא ידוע</QtyInPackage><UnitOfMeasurePrice>0.0470</UnitOfMeasurePrice><AllowDiscount>1</AllowDiscount><ItemStatus>1</ItemStatus><ItemPrice>23.50</ItemPrice></item><item><PriceUpdateDate>2016-02-11 11:10:54</PriceUpdateDate><ItemCode>7290000410319</ItemCode><ItemType>1</ItemType><ItemName>גבינה 5% 250 גרם</ItemName><ManufacturerName>גבינות תנובה</ManufacturerName><ManufactureCountry>ישראל</ManufactureCountry><ManufacturerItemDescription>גבינה למריחה 250 5%גרם גב</ManufacturerItemDescription><SoldByWeight/><Quantity>250.00</Quantity><UnitOfMeasure>גרם     </UnitOfMeasure><QtyInPackage>לא ידוע</QtyInPackage><UnitOfMeasurePrice>0.0184</UnitOfMeasurePrice><AllowDiscount>1</AllowDiscount><ItemStatus>1</ItemStatus><ItemPrice>4.60</ItemPrice></item><item><PriceUpdateDate>2015-10-22 08:04:45</PriceUpdateDate><ItemCode>7290000410333</ItemCode><ItemType>1</ItemType><ItemName>גבינת קוטג 5% עם זית</ItemName><ManufacturerName>קוטג תנובה</ManufacturerName><ManufactureCountry>ישראל</ManufactureCountry><ManufacturerItemDescription>קוטג 5%זיתים 250 גר</ManufacturerItemDescription><SoldByWeight/><Quantity>250.00</Quantity><UnitOfMeasure>גרם     </UnitOfMeasure><QtyInPackage>לא ידוע</QtyInPackage><UnitOfMeasurePrice>0.0248</UnitOfMeasurePrice><AllowDiscount>1</AllowDiscount><ItemStatus>1</ItemStatus><ItemPrice>6.20</ItemPrice></item><item><PriceUpdateDate>2015-10-13 11:27:29</PriceUpdateDate><ItemCode>7290000410340</ItemCode><ItemType>1</ItemType><ItemName>גבינת חמד פיראוס 250</ItemName><ManufacturerName>פיראוס</ManufacturerName><ManufactureCountry>ישראל</ManufactureCountry><ManufacturerItemDescription>גבינה חמד פיראוס בשקיות25</ManufacturerItemDescription><SoldByWeight/><Quantity>250.00</Quantity><UnitOfMeasure>גרם     </UnitOfMeasure><QtyInPackage>לא ידוע</QtyInPackage><UnitOfMeasurePrice>0.0752</UnitOfMeasurePrice><AllowDiscount>1</AllowDiscount><ItemStatus>1</ItemStatus><ItemPrice>18.80</ItemPrice></item><item><PriceUpdateDate>2016-03-29 07:28:03</PriceUpdateDate><ItemCode>7290000410357</ItemCode><ItemType>1</ItemType><ItemName>מב גבינה צפתית 5%שומ</ItemName><ManufacturerName>פיראוס</ManufacturerName><ManufactureCountry>ישראל</ManufactureCountry><ManufacturerItemDescription>גבינה צפתית 5% פיראוס200</ManufacturerItemDescription><SoldByWeight/><Quantity>200.00</Quantity><UnitOfMeasure>גרם     </UnitOfMeasure><QtyInPackage>לא ידוע</QtyInPackage><UnitOfMeasurePrice>0.0500</UnitOfMeasurePrice><AllowDiscount>1</AllowDiscount><ItemStatus>1</ItemStatus><ItemPrice>10.00</ItemPrice></item><item><PriceUpdateDate>2016-03-29 07:10:18</PriceUpdateDate><ItemCode>7290000410401</ItemCode><ItemType>1</ItemType><ItemName>מארז משקה יופלה 360</ItemName><ManufacturerName>יופלה</ManufacturerName><ManufactureCountry>ישראל</ManufactureCountry><ManufacturerItemDescription>מארז משקה יופלה 360</ManufacturerItemDescription><SoldByWeight/><Quantity>600.00</Quantity><UnitOfMeasure>מ"ל</UnitOfMeasure><QtyInPackage>לא ידוע</QtyInPackage><UnitOfMeasurePrice>0.0218</UnitOfMeasurePrice><AllowDiscount>1</AllowDiscount><ItemStatus>1</ItemStatus><ItemPrice>13.10</ItemPrice></item><item><PriceUpdateDate>2016-03-29 07:10:18</PriceUpdateDate><ItemCode>7290000410418</ItemCode><ItemType>1</ItemType><ItemName>מארז משקה יופלה 360</ItemName><ManufacturerName>יופלה</ManufacturerName><ManufactureCountry>ישראל</ManufactureCountry><ManufacturerItemDescription>מארז משקה יופלה 360</ManufacturerItemDescription><SoldByWeight/><Quantity>600.00</Quantity><UnitOfMeasure>מ"ל</UnitOfMeasure><QtyInPackage>לא ידוע</QtyInPackage><UnitOfMeasurePrice>0.0218</UnitOfMeasurePrice><AllowDiscount>1</AllowDiscount><ItemStatus>1</ItemStatus><ItemPrice>13.10</ItemPrice></item><item><PriceUpdateDate>2016-03-29 07:10:18</PriceUpdateDate><ItemCode>7290000410470</ItemCode><ItemType>1</ItemType><ItemName>יופלה תות 500 גרם</ItemName><ManufacturerName>יופלה</ManufacturerName><ManufactureCountry>ישראל</ManufactureCountry><ManufacturerItemDescription>יופלה תות 500 גרם</ManufacturerItemDescription><SoldByWeight/><Quantity>500.00</Quantity><UnitOfMeasure>גרם     </UnitOfMeasure><QtyInPackage>לא ידוע</QtyInPackage><UnitOfMeasurePrice>0.0282</UnitOfMeasurePrice><AllowDiscount>1</AllowDiscount><ItemStatus>1</ItemStatus><ItemPrice>14.10</ItemPrice></item><item><PriceUpdateDate>2016-03-29 07:10:18</PriceUpdateDate><ItemCode>7290000410487</ItemCode><ItemType>1</ItemType><ItemName>יופלה אפרסק 500 גרם</ItemName><ManufacturerName>יופלה</ManufacturerName><ManufactureCountry>ישראל</ManufactureCountry><ManufacturerItemDescription>יופלה אפרסק 500 גרם</ManufacturerItemDescription><SoldByWeight/><Quantity>500.00</Quantity><UnitOfMeasure>גרם     </UnitOfMeasure><QtyInPackage>לא ידוע</QtyInPackage><UnitOfMeasurePrice>0.0282</UnitOfMeasurePrice><AllowDiscount>1</AllowDiscount><ItemStatus>1</ItemStatus><ItemPrice>14.10</ItemPrice></item><item><PriceUpdateDate>2016-05-01 12:00:51</PriceUpdateDate><ItemCode>7290000410609</ItemCode><ItemType>1</ItemType><ItemName>מארז שטוזים בננה 400</ItemName><ManufacturerName>יופלה</ManufacturerName><ManufactureCountry>ישראל</ManufactureCountry><ManufacturerItemDescription>מארז יופלה שטוזים בננה</ManufacturerItemDescription><SoldByWeight/><Quantity>400.00</Quantity><UnitOfMeasure>גרם     </UnitOfMeasure><QtyInPackage>לא ידוע</QtyInPackage><UnitOfMeasurePrice>0.0273</UnitOfMeasurePrice><AllowDiscount>1</AllowDiscount><ItemStatus>1</ItemStatus><ItemPrice>10.90</ItemPrice></item><item><PriceUpdateDate>2016-05-01 12:00:51</PriceUpdateDate><ItemCode>7290000410623</ItemCode><ItemType>1</ItemType><ItemName>מארז שטוזים תות 400</ItemName><ManufacturerName>יופלה</ManufacturerName><ManufactureCountry>ישראל</ManufactureCountry><ManufacturerItemDescription>מארז יופלה שטוזים תות 400</ManufacturerItemDescription><SoldByWeight/><Quantity>400.00</Quantity><UnitOfMeasure>גרם     </UnitOfMeasure><QtyInPackage>לא ידוע</QtyInPackage><UnitOfMeasurePrice>0.0273</UnitOfMeasurePrice><AllowDiscount>1</AllowDiscount><ItemStatus>1</ItemStatus><ItemPrice>10.90</ItemPrice></item><item><PriceUpdateDate>2016-03-01 06:43:21</PriceUpdateDate><ItemCode>7290000410692</ItemCode><ItemType>1</ItemType><ItemName>מארז הפסקת אוכל דגני</ItemName><ManufacturerName>חלב תנובה</ManufacturerName><ManufactureCountry>ישראל</ManufactureCountry><ManufacturerItemDescription>מארז הפסקת אוכל דגני</ManufacturerItemDescription><SoldByWeight/><Quantity>150.00</Quantity><UnitOfMeasure>מ"ל</UnitOfMeasure><QtyInPackage>לא ידוע</QtyInPackage><UnitOfMeasurePrice>0.0640</UnitOfMeasurePrice><AllowDiscount>1</AllowDiscount><ItemStatus>1</ItemStatus><ItemPrice>9.60</ItemPrice></item><item><PriceUpdateDate>2016-02-15 07:37:43</PriceUpdateDate><ItemCode>7290000410722</ItemCode><ItemType>1</ItemType><ItemName>יופלה דיאט אננס 0% 1</ItemName><ManufacturerName>יופלה</ManufacturerName><ManufactureCountry>ישראל</ManufactureCountry><ManufacturerItemDescription>יופלה דיאט יופלה אננס</ManufacturerItemDescription><SoldByWeight/><Quantity>150.00</Quantity><UnitOfMeasure>מ"ל</UnitOfMeasure><QtyInPackage>לא ידוע</QtyInPackage><UnitOfMeasurePrice>0.0353</UnitOfMeasurePrice><AllowDiscount>1</AllowDiscount><ItemStatus>1</ItemStatus><ItemPrice>5.30</ItemPrice></item><item><PriceUpdateDate>2016-05-01 12:00:51</PriceUpdateDate><ItemCode>7290000410951</ItemCode><ItemType>1</ItemType><ItemName>מב משקה מוקה 1 ליטר</ItemName><ManufacturerName>שוק</ManufacturerName><ManufactureCountry>ישראל</ManufactureCountry><ManufacturerItemDescription>מב משקה מוקה 1 ליטר</ManufacturerItemDescription><SoldByWeight/><Quantity>1.00</Quantity><UnitOfMeasure>ליטר    </UnitOfMeasure><QtyInPackage>לא ידוע</QtyInPackage><UnitOfMeasurePrice>8.9000</UnitOfMeasurePrice><AllowDiscount>1</AllowDiscount><ItemStatus>1</ItemStatus><ItemPrice>8.90</ItemPrice></item><item><PriceUpdateDate>2015-10-22 08:04:45</PriceUpdateDate><ItemCode>7290000410968</ItemCode><ItemType>1</ItemType><ItemName>משקה מוקה 340 מ"ל תנ</ItemName><ManufacturerName>תנובה</ManufacturerName><ManufactureCountry>ישראל</ManufactureCountry><ManufacturerItemDescription>משקה מוקה תנובה 340 מל בב</ManufacturerItemDescription><SoldByWeight/><Quantity>340.00</Quantity><UnitOfMeasure>מ"ל</UnitOfMeasure><QtyInPackage>לא ידוע</QtyInPackage><UnitOfMeasurePrice>0.0191</UnitOfMeasurePrice><AllowDiscount>1</AllowDiscount><ItemStatus>1</ItemStatus><ItemPrice>6.50</ItemPrice></item><item><PriceUpdateDate>2015-11-13 10:56:44</PriceUpdateDate><ItemCode>7290000411132</ItemCode><ItemType>1</ItemType><ItemName>לאבנה 5% 500 גר'</ItemName><ManufacturerName>פיראוס</ManufacturerName><ManufactureCountry>ישראל</ManufactureCountry><ManufacturerItemDescription>לאבנה 5% 500 גר'</ManufacturerItemDescription><SoldByWeight/><Quantity>500.00</Quantity><UnitOfMeasure>גרם     </UnitOfMeasure><QtyInPackage>לא ידוע</QtyInPackage><UnitOfMeasurePrice>0.0406</UnitOfMeasurePrice><AllowDiscount>1</AllowDiscount><ItemStatus>1</ItemStatus><ItemPrice>20.30</ItemPrice></item><item><PriceUpdateDate>2016-05-01 12:00:52</PriceUpdateDate><ItemCode>7290000411835</ItemCode><ItemType>1</ItemType><ItemName>חטיפי פריכונים מאורז</ItemName><ManufacturerName>פריכונים</ManufacturerName><ManufactureCountry>ישראל</ManufactureCountry><ManufacturerItemDescription>חטיפי פריכונים מאורז</ManufacturerItemDescription><SoldByWeight/><Quantity>14.00</Quantity><UnitOfMeasure>גרם     </UnitOfMeasure><QtyInPackage>לא ידוע</QtyInPackage><UnitOfMeasurePrice>0.6643</UnitOfMeasurePrice><AllowDiscount>1</AllowDiscount><ItemStatus>1</ItemStatus><ItemPrice>9.30</ItemPrice></item><item><PriceUpdateDate>2016-05-01 12:00:52</PriceUpdateDate><ItemCode>7290000411880</ItemCode><ItemType>1</ItemType><ItemName>פתיתים אפויים 500 גר</ItemName><ManufacturerName>פסטה אסם</ManufacturerName><ManufactureCountry>ישראל</ManufactureCountry><ManufacturerItemDescription>פתיתים אפויים קוסקוס 500</ManufacturerItemDescription><SoldByWeight/><Quantity>500.00</Quantity><UnitOfMeasure>גרם     </UnitOfMeasure><QtyInPackage>לא ידוע</QtyInPackage><UnitOfMeasurePrice>0.0138</UnitOfMeasurePrice><AllowDiscount>1</AllowDiscount><ItemStatus>1</ItemStatus><ItemPrice>6.90</ItemPrice></item><item><PriceUpdateDate>2016-05-01 12:00:52</PriceUpdateDate><ItemCode>7290000411903</ItemCode><ItemType>1</ItemType><ItemName>פסטה תלתלים 500 גרם</ItemName><ManufacturerName>פסטה אסם</ManufacturerName><ManufactureCountry>ישראל</ManufactureCountry><ManufacturerItemDescription>פסטה תלתלים 500 גרם</ManufacturerItemDescription><SoldByWeight/><Quantity>500.00</Quantity><UnitOfMeasure>גרם     </UnitOfMeasure><QtyInPackage>לא ידוע</QtyInPackage><UnitOfMeasurePrice>0.0118</UnitOfMeasurePrice><AllowDiscount>1</AllowDiscount><ItemStatus>1</ItemStatus><ItemPrice>5.90</ItemPrice></item><item><PriceUpdateDate>2016-05-01 12:00:53</PriceUpdateDate><ItemCode>7290000411989</ItemCode><ItemType>1</ItemType><ItemName>פתיתים אפויים טבעות</ItemName><ManufacturerName>פסטה אסם</ManufacturerName><ManufactureCountry>ישראל</ManufactureCountry><ManufacturerItemDescription>פתיתים אפויים טבעות</ManufacturerItemDescription><SoldByWeight/><Quantity>500.00</Quantity><UnitOfMeasure>גרם     </UnitOfMeasure><QtyInPackage>לא ידוע</QtyInPackage><UnitOfMeasurePrice>0.0138</UnitOfMeasurePrice><AllowDiscount>1</AllowDiscount><ItemStatus>1</ItemStatus><ItemPrice>6.90</ItemPrice></item><item><PriceUpdateDate>2016-05-01 12:00:53</PriceUpdateDate><ItemCode>7290000411996</ItemCode><ItemType>1</ItemType><ItemName>לזניה לה פסטה 500 גר</ItemName><ManufacturerName>אסם</ManufacturerName><ManufactureCountry>ישראל</ManufactureCountry><ManufacturerItemDescription>לזניה לה פסטה 500 גר</ManufacturerItemDescription><SoldByWeight/><Quantity>500.00</Quantity><UnitOfMeasure>גרם     </UnitOfMeasure><QtyInPackage>לא ידוע</QtyInPackage><UnitOfMeasurePrice>0.0406</UnitOfMeasurePrice><AllowDiscount>1</AllowDiscount><ItemStatus>1</ItemStatus><ItemPrice>20.30</ItemPrice></item><item><PriceUpdateDate>2016-05-01 12:00:53</PriceUpdateDate><ItemCode>7290000412009</ItemCode><ItemType>1</ItemType><ItemName>פסטה קורנטי 500 גרם</ItemName><ManufacturerName>פרפקטו</ManufacturerName><ManufactureCountry>ישראל</ManufactureCountry><ManufacturerItemDescription>פסטה קורנטי 500 גרם</ManufacturerItemDescription><SoldByWeight/><Quantity>500.00</Quantity><UnitOfMeasure>גרם     </UnitOfMeasure><QtyInPackage>לא ידוע</QtyInPackage><UnitOfMeasurePrice>0.0198</UnitOfMeasurePrice><AllowDiscount>1</AllowDiscount><ItemStatus>1</ItemStatus><ItemPrice>9.90</ItemPrice></item><item><PriceUpdateDate>2016-05-01 12:00:54</PriceUpdateDate><ItemCode>7290000412078</ItemCode><ItemType>1</ItemType><ItemName>פסטה מסולסלים 500 גר</ItemName><ManufacturerName>אסם</ManufacturerName><ManufactureCountry>איטליה</ManufactureCountry><ManufacturerItemDescription>פסטה אסם מסולסלים 500 גר</ManufacturerItemDescription><SoldByWeight/><Quantity>500.00</Quantity><UnitOfMeasure>גרם     </UnitOfMeasure><QtyInPackage>לא ידוע</QtyInPackage><UnitOfMeasurePrice>0.0118</UnitOfMeasurePrice><AllowDiscount>1</AllowDiscount><ItemStatus>1</ItemStatus><ItemPrice>5.90</ItemPrice></item><item><PriceUpdateDate>2016-05-01 12:00:54</PriceUpdateDate><ItemCode>7290000412085</ItemCode><ItemType>1</ItemType><ItemName>פסטה קרניים בינוני 5</ItemName><ManufacturerName>פסטה אסם</ManufacturerName><ManufactureCountry>איטליה</ManufactureCountry><ManufacturerItemDescription>פסטה אסם קרניים בינוניות5</ManufacturerItemDescription><SoldByWeight/><Quantity>500.00</Quantity><UnitOfMeasure>גרם     </UnitOfMeasure><QtyInPackage>לא ידוע</QtyInPackage><UnitOfMeasurePrice>0.0118</UnitOfMeasurePrice><AllowDiscount>1</AllowDiscount><ItemStatus>1</ItemStatus><ItemPrice>5.90</ItemPrice></item><item><PriceUpdateDate>2016-05-01 12:00:54</PriceUpdateDate><ItemCode>7290000412092</ItemCode><ItemType>1</ItemType><ItemName>פסטה צדפים גדולים 50</ItemName><ManufacturerName>אסם</ManufacturerName><ManufactureCountry>ישראל</ManufactureCountry><ManufacturerItemDescription>פסטה צדפים גדולים 50</ManufacturerItemDescription><SoldByWeight/><Quantity>500.00</Quantity><UnitOfMeasure>גרם     </UnitOfMeasure><QtyInPackage>לא ידוע</QtyInPackage><UnitOfMeasurePrice>0.0118</UnitOfMeasurePrice><AllowDiscount>1</AllowDiscount><ItemStatus>1</ItemStatus><ItemPrice>5.90</ItemPrice></item><item><PriceUpdateDate>2016-05-01 12:00:54</PriceUpdateDate><ItemCode>7290000412115</ItemCode><ItemType>1</ItemType><ItemName>פסטה מס.8 500 גרם</ItemName><ManufacturerName>פסטה אסם</ManufacturerName><ManufactureCountry>איטליה</ManufactureCountry><ManufacturerItemDescription>פסטה אסם ספגטי 500  גר</ManufacturerItemDescription><SoldByWeight/><Quantity>500.00</Quantity><UnitOfMeasure>גרם     </UnitOfMeasure><QtyInPackage>לא ידוע</QtyInPackage><UnitOfMeasurePrice>0.0118</UnitOfMeasurePrice><AllowDiscount>1</AllowDiscount><ItemStatus>1</ItemStatus><ItemPrice>5.90</ItemPrice></item><item><PriceUpdateDate>2016-05-01 12:00:54</PriceUpdateDate><ItemCode>7290000412153</ItemCode><ItemType>1</ItemType><ItemName>אטריות מובחר רחבות 4</ItemName><ManufacturerName>פסטה אסם</ManufacturerName><ManufactureCountry>ישראל</ManufactureCountry><ManufacturerItemDescription>אטריות מובחר רחבות 400 גר</ManufacturerItemDescription><SoldByWeight/><Quantity>400.00</Quantity><UnitOfMeasure>גרם     </UnitOfMeasure><QtyInPackage>לא ידוע</QtyInPackage><UnitOfMeasurePrice>0.0185</UnitOfMeasurePrice><AllowDiscount>1</AllowDiscount><ItemStatus>1</ItemStatus><ItemPrice>7.40</ItemPrice></item><item><PriceUpdateDate>2016-05-01 12:00:55</PriceUpdateDate><ItemCode>7290000412221</ItemCode><ItemType>1</ItemType><ItemName>עוגיות שוקוצ'יפס ממו</ItemName><ManufacturerName>אסם</ManufacturerName><ManufactureCountry>ישראל</ManufactureCountry><ManufacturerItemDescription>עוגיות שוקוצ'יפס ממו</ManufacturerItemDescription><SoldByWeight/><Quantity>220.00</Quantity><UnitOfMeasure>גרם     </UnitOfMeasure><QtyInPackage>לא ידוע</QtyInPackage><UnitOfMeasurePrice>0.0586</UnitOfMeasurePrice><AllowDiscount>1</AllowDiscount><ItemStatus>1</ItemStatus><ItemPrice>12.90</ItemPrice></item><item><PriceUpdateDate>2016-05-01 12:00:55</PriceUpdateDate><ItemCode>7290000412252</ItemCode><ItemType>1</ItemType><ItemName>מב נס קפה רד מאג 200</ItemName><ManufacturerName>רד מאג</ManufacturerName><ManufactureCountry>ספרד</ManufactureCountry><ManufacturerItemDescription>מברשת בקבוק+פט  טמה</ManufacturerItemDescription><SoldByWeight/><Quantity>200.00</Quantity><UnitOfMeasure>גרם     </UnitOfMeasure><QtyInPackage>לא ידוע</QtyInPackage><UnitOfMeasurePrice>0.0995</UnitOfMeasurePrice><AllowDiscount>1</AllowDiscount><ItemStatus>1</ItemStatus><ItemPrice>19.90</ItemPrice></item><item><PriceUpdateDate>2016-05-01 12:00:55</PriceUpdateDate><ItemCode>7290000412320</ItemCode><ItemType>1</ItemType><ItemName>מיני קרוטונים למרק ו</ItemName><ManufacturerName>אסם</ManufacturerName><ManufactureCountry>ישראל</ManufactureCountry><ManufacturerItemDescription>מיני קרוטונים למרק ו</ManufacturerItemDescription><SoldByWeight/><Quantity>250.00</Quantity><UnitOfMeasure>גרם     </UnitOfMeasure><QtyInPackage>לא ידוע</QtyInPackage><UnitOfMeasurePrice>0.0696</UnitOfMeasurePrice><AllowDiscount>1</AllowDiscount><ItemStatus>1</ItemStatus><ItemPrice>17.40</ItemPrice></item><item><PriceUpdateDate>2016-05-01 12:00:56</PriceUpdateDate><ItemCode>7290000412368</ItemCode><ItemType>1</ItemType><ItemName>שקדי מרק רכיבים טבעי</ItemName><ManufacturerName>אסם</ManufacturerName><ManufactureCountry>ישראל</ManufactureCountry><ManufacturerItemDescription>שקדי מרק 400 גרם</ManufacturerItemDescription><SoldByWeight/><Quantity>400.00</Quantity><UnitOfMeasure>גרם     </UnitOfMeasure><QtyInPackage>לא ידוע</QtyInPackage><UnitOfMeasurePrice>0.0273</UnitOfMeasurePrice><AllowDiscount>1</AllowDiscount><ItemStatus>1</ItemStatus><ItemPrice>10.90</ItemPrice></item><item><PriceUpdateDate>2016-05-01 12:00:56</PriceUpdateDate><ItemCode>7290000412375</ItemCode><ItemType>1</ItemType><ItemName>קמח תופח 1 ק"ג</ItemName><ManufacturerName>אסם</ManufacturerName><ManufactureCountry>ישראל</ManufactureCountry><ManufacturerItemDescription>קמח תופח מאליו 1 קג</ManufacturerItemDescription><SoldByWeight/><Quantity>1000.00</Quantity><UnitOfMeasure>גרם     </UnitOfMeasure><QtyInPackage>לא ידוע</QtyInPackage><UnitOfMeasurePrice>0.0089</UnitOfMeasurePrice><AllowDiscount>1</AllowDiscount><ItemStatus>1</ItemStatus><ItemPrice>8.90</ItemPrice></item><item><PriceUpdateDate>2016-04-18 11:09:42</PriceUpdateDate><ItemCode>7290000412481</ItemCode><ItemType>1</ItemType><ItemName>מב סנו 00 מנקה אסלות</ItemName><ManufacturerName>סנו 00</ManufacturerName><ManufactureCountry>ישראל</ManufactureCountry><ManufacturerItemDescription>מנקה אסלות 1 00 ל .פז</ManufacturerItemDescription><SoldByWeight/><Quantity>1000.00</Quantity><UnitOfMeasure>מ"ל</UnitOfMeasure><QtyInPackage>לא ידוע</QtyInPackage><UnitOfMeasurePrice>0.0069</UnitOfMeasurePrice><AllowDiscount>1</AllowDiscount><ItemStatus>1</ItemStatus><ItemPrice>6.90</ItemPrice></item><item><PriceUpdateDate>2016-05-01 12:00:56</PriceUpdateDate><ItemCode>7290000412559</ItemCode><ItemType>1</ItemType><ItemName>קוסקוס אמיתי שקית 35</ItemName><ManufacturerName>אסם</ManufacturerName><ManufactureCountry>ישראל</ManufactureCountry><ManufacturerItemDescription>קוסקוס אמיתי שקית 35</ManufacturerItemDescription><SoldByWeight/><Quantity>350.00</Quantity><UnitOfMeasure>גרם     </UnitOfMeasure><QtyInPackage>לא ידוע</QtyInPackage><UnitOfMeasurePrice>0.0226</UnitOfMeasurePrice><AllowDiscount>1</AllowDiscount><ItemStatus>1</ItemStatus><ItemPrice>7.90</ItemPrice></item><item><PriceUpdateDate>2016-05-01 12:00:57</PriceUpdateDate><ItemCode>7290000412573</ItemCode><ItemType>1</ItemType><ItemName>קרוטונים למרק וסלט 4</ItemName><ManufacturerName>אסם</ManufacturerName><ManufactureCountry>ישראל</ManufactureCountry><ManufacturerItemDescription>קרוטונים למרק וסלט 4</ManufacturerItemDescription><SoldByWeight/><Quantity>400.00</Quantity><UnitOfMeasure>גרם     </UnitOfMeasure><QtyInPackage>לא ידוע</QtyInPackage><UnitOfMeasurePrice>0.0663</UnitOfMeasurePrice><AllowDiscount>1</AllowDiscount><ItemStatus>1</ItemStatus><ItemPrice>26.50</ItemPrice></item><item><PriceUpdateDate>2016-05-01 12:00:58</PriceUpdateDate><ItemCode>7290000412719</ItemCode><ItemType>1</ItemType><ItemName>חטיף ביסלי בצל  67 ג</ItemName><ManufacturerName>ביסלי</ManufacturerName><ManufactureCountry>ישראל</ManufactureCountry><ManufacturerItemDescription>חטיף ביסלי בצל  67 ג</ManufacturerItemDescription><SoldByWeight/><Quantity>67.00</Quantity><UnitOfMeasure>גרם     </UnitOfMeasure><QtyInPackage>לא ידוע</QtyInPackage><UnitOfMeasurePrice>0.0806</UnitOfMeasurePrice><AllowDiscount>1</AllowDiscount><ItemStatus>1</ItemStatus><ItemPrice>5.40</ItemPrice></item><item><PriceUpdateDate>2016-05-01 12:00:58</PriceUpdateDate><ItemCode>7290000412757</ItemCode><ItemType>1</ItemType><ItemName>חטיף ביסלי גריל 200</ItemName><ManufacturerName>ביסלי</ManufacturerName><ManufactureCountry>ישראל</ManufactureCountry><ManufacturerItemDescription>ביסלי גריל 200 גר</ManufacturerItemDescription><SoldByWeight/><Quantity>200.00</Quantity><UnitOfMeasure>גרם     </UnitOfMeasure><QtyInPackage>לא ידוע</QtyInPackage><UnitOfMeasurePrice>0.0395</UnitOfMeasurePrice><AllowDiscount>1</AllowDiscount><ItemStatus>1</ItemStatus><ItemPrice>7.90</ItemPrice></item><item><PriceUpdateDate>2016-03-16 14:00:24</PriceUpdateDate><ItemCode>7290000412795</ItemCode><ItemType>1</ItemType><ItemName>חטיף דובונים 40 גרם</ItemName><ManufacturerName>דובונים</ManufacturerName><ManufactureCountry>ישראל</ManufactureCountry><ManufacturerItemDescription>דובונים40 גר</ManufacturerItemDescription><SoldByWeight/><Quantity>40.00</Quantity><UnitOfMeasure>גרם     </UnitOfMeasure><QtyInPackage>לא ידוע</QtyInPackage><UnitOfMeasurePrice>0.1225</UnitOfMeasurePrice><AllowDiscount>1</AllowDiscount><ItemStatus>1</ItemStatus><ItemPrice>4.90</ItemPrice></item><item><PriceUpdateDate>2015-11-02 17:19:00</PriceUpdateDate><ItemCode>7290000412801</ItemCode><ItemType>1</ItemType><ItemName>במבה מתוקה תות 30 גר</ItemName><ManufacturerName>במבה</ManufacturerName><ManufactureCountry>ישראל</ManufactureCountry><ManufacturerItemDescription>במבה מתוקה תות 30 גר</ManufacturerItemDescription><SoldByWeight/><Quantity>30.00</Quantity><UnitOfMeasure>גרם     </UnitOfMeasure><QtyInPackage>לא ידוע</QtyInPackage><UnitOfMeasurePrice>0.1167</UnitOfMeasurePrice><AllowDiscount>1</AllowDiscount><ItemStatus>1</ItemStatus><ItemPrice>3.50</ItemPrice></item><item><PriceUpdateDate>2016-03-16 14:00:24</PriceUpdateDate><ItemCode>7290000412825</ItemCode><ItemType>1</ItemType><ItemName>במבה 80 גרם</ItemName><ManufacturerName>במבה</ManufacturerName><ManufactureCountry>ישראל</ManufactureCountry><ManufacturerItemDescription>במבה 80 גרם</ManufacturerItemDescription><SoldByWeight/><Quantity>80.00</Quantity><UnitOfMeasure>גרם     </UnitOfMeasure><QtyInPackage>לא ידוע</QtyInPackage><UnitOfMeasurePrice>0.0613</UnitOfMeasurePrice><AllowDiscount>1</AllowDiscount><ItemStatus>1</ItemStatus><ItemPrice>4.90</ItemPrice></item><item><PriceUpdateDate>2016-03-16 14:00:24</PriceUpdateDate><ItemCode>7290000412832</ItemCode><ItemType>1</ItemType><ItemName>חטיף אפרופו 50 גרם</ItemName><ManufacturerName>אפרופו</ManufacturerName><ManufactureCountry>ישראל</ManufactureCountry><ManufacturerItemDescription>אפרופו50 גר.שקית</ManufacturerItemDescription><SoldByWeight/><Quantity>14.00</Quantity><UnitOfMeasure>גרם     </UnitOfMeasure><QtyInPackage>לא ידוע</QtyInPackage><UnitOfMeasurePrice>0.4214</UnitOfMeasurePrice><AllowDiscount>1</AllowDiscount><ItemStatus>1</ItemStatus><ItemPrice>5.90</ItemPrice></item><item><PriceUpdateDate>2015-11-02 17:19:00</PriceUpdateDate><ItemCode>7290000412863</ItemCode><ItemType>1</ItemType><ItemName>חטיף פופקורן חמאה וד</ItemName><ManufacturerName>אסם</ManufacturerName><ManufactureCountry>ישראל</ManufactureCountry><ManufacturerItemDescription>חטיף פופקו תירס חמאה ודבש</ManufacturerItemDescription><SoldByWeight/><Quantity>80.00</Quantity><UnitOfMeasure>גרם     </UnitOfMeasure><QtyInPackage>לא ידוע</QtyInPackage><UnitOfMeasurePrice>0.0863</UnitOfMeasurePrice><AllowDiscount>1</AllowDiscount><ItemStatus>1</ItemStatus><ItemPrice>6.90</ItemPrice></item><item><PriceUpdateDate>2016-03-29 07:10:18</PriceUpdateDate><ItemCode>7290000412894</ItemCode><ItemType>1</ItemType><ItemName>תרכיז ויטמינציק תפו"</ItemName><ManufacturerName>ויטמינצק</ManufacturerName><ManufactureCountry>ישראל</ManufactureCountry><ManufacturerItemDescription>תרכיז ויטמינציק תפו"</ManufacturerItemDescription><SoldByWeight/><Quantity>1000.00</Quantity><UnitOfMeasure>מ"ל</UnitOfMeasure><QtyInPackage>לא ידוע</QtyInPackage><UnitOfMeasurePrice>0.0129</UnitOfMeasurePrice><AllowDiscount>1</AllowDiscount><ItemStatus>1</ItemStatus><ItemPrice>12.90</ItemPrice></item><item><PriceUpdateDate>2016-05-01 12:00:59</PriceUpdateDate><ItemCode>7290000413020</ItemCode><ItemType>1</ItemType><ItemName>פודינג בטעם וניל 80</ItemName><ManufacturerName>אסם</ManufacturerName><ManufactureCountry>ישראל</ManufactureCountry><ManufacturerItemDescription>פודינג וניל 80 גרם</ManufacturerItemDescription><SoldByWeight/><Quantity>80.00</Quantity><UnitOfMeasure>גרם     </UnitOfMeasure><QtyInPackage>לא ידוע</QtyInPackage><UnitOfMeasurePrice>0.0688</UnitOfMeasurePrice><AllowDiscount>1</AllowDiscount><ItemStatus>1</ItemStatus><ItemPrice>5.50</ItemPrice></item><item><PriceUpdateDate>2016-05-01 12:00:59</PriceUpdateDate><ItemCode>7290000413037</ItemCode><ItemType>1</ItemType><ItemName>פודינג בטעם שוקולד 9</ItemName><ManufacturerName>אסם</ManufacturerName><ManufactureCountry>ישראל</ManufactureCountry><ManufacturerItemDescription>פודינג בטעם שוקולד 95 גרם</ManufacturerItemDescription><SoldByWeight/><Quantity>95.00</Quantity><UnitOfMeasure>גרם     </UnitOfMeasure><QtyInPackage>לא ידוע</QtyInPackage><UnitOfMeasurePrice>0.0579</UnitOfMeasurePrice><AllowDiscount>1</AllowDiscount><ItemStatus>1</ItemStatus><ItemPrice>5.50</ItemPrice></item><item><PriceUpdateDate>2016-05-01 12:01:00</PriceUpdateDate><ItemCode>7290000413075</ItemCode><ItemType>1</ItemType><ItemName>אבקת ג''לי 85 גרם</ItemName><ManufacturerName>אסם</ManufacturerName><ManufactureCountry>ישראל</ManufactureCountry><ManufacturerItemDescription>גלי בזק טעם פטל 85 גרם</ManufacturerItemDescription><SoldByWeight/><Quantity>14.00</Quantity><UnitOfMeasure>גרם     </UnitOfMeasure><QtyInPackage>לא ידוע</QtyInPackage><UnitOfMeasurePrice>0.5571</UnitOfMeasurePrice><AllowDiscount>1</AllowDiscount><ItemStatus>1</ItemStatus><ItemPrice>7.80</ItemPrice></item><item><PriceUpdateDate>2016-04-11 15:05:26</PriceUpdateDate><ItemCode>7290000413105</ItemCode><ItemType>1</ItemType><ItemName>מנה חמה תפו'א עם ירק</ItemName><ManufacturerName>אסם</ManufacturerName><ManufactureCountry>ישראל</ManufactureCountry><ManufacturerItemDescription>מנה חמה תפוא עם ירקות</ManufacturerItemDescription><SoldByWeight/><Quantity>47.00</Quantity><UnitOfMeasure>גרם     </UnitOfMeasure><QtyInPackage>לא ידוע</QtyInPackage><UnitOfMeasurePrice>0.1468</UnitOfMeasurePrice><AllowDiscount>1</AllowDiscount><ItemStatus>1</ItemStatus><ItemPrice>6.90</ItemPrice></item><item><PriceUpdateDate>2016-03-16 14:00:24</PriceUpdateDate><ItemCode>7290000413143</ItemCode><ItemType>1</ItemType><ItemName>במבה אסם 80 גרם</ItemName><ManufacturerName>במבה</ManufacturerName><ManufactureCountry>ישראל</ManufactureCountry><ManufacturerItemDescription>במבה אסם 80 גרם</ManufacturerItemDescription><SoldByWeight/><Quantity>14.00</Quantity><UnitOfMeasure>גרם     </UnitOfMeasure><QtyInPackage>לא ידוע</QtyInPackage><UnitOfMeasurePrice>0.3500</UnitOfMeasurePrice><AllowDiscount>0</AllowDiscount><ItemStatus>1</ItemStatus><ItemPrice>4.90</ItemPrice></item><item><PriceUpdateDate>2015-10-11 14:21:51</PriceUpdateDate><ItemCode>7290000413150</ItemCode><ItemType>1</ItemType><ItemName>במבה יום הולדת 25 גר</ItemName><ManufacturerName>במבה</ManufacturerName><ManufactureCountry>ישראל</ManufactureCountry><ManufacturerItemDescription>במבה יום הולדת 25 גר</ManufacturerItemDescription><SoldByWeight/><Quantity>25.00</Quantity><UnitOfMeasure>גרם     </UnitOfMeasure><QtyInPackage>לא ידוע</QtyInPackage><UnitOfMeasurePrice>0.1280</UnitOfMeasurePrice><AllowDiscount>1</AllowDiscount><ItemStatus>1</ItemStatus><ItemPrice>3.20</ItemPrice></item><item><PriceUpdateDate>2016-05-01 12:01:01</PriceUpdateDate><ItemCode>7290000413358</ItemCode><ItemType>1</ItemType><ItemName>מרק עוף אמיתי אסם 40</ItemName><ManufacturerName>אסם</ManufacturerName><ManufactureCountry>ישראל</ManufactureCountry><ManufacturerItemDescription>מרק עוף אמיתי 400 גרם</ManufacturerItemDescription><SoldByWeight/><Quantity>400.00</Quantity><UnitOfMeasure>גרם     </UnitOfMeasure><QtyInPackage>לא ידוע</QtyInPackage><UnitOfMeasurePrice>0.0660</UnitOfMeasurePrice><AllowDiscount>1</AllowDiscount><ItemStatus>1</ItemStatus><ItemPrice>26.40</ItemPrice></item><item><PriceUpdateDate>2016-05-01 12:01:01</PriceUpdateDate><ItemCode>7290000413389</ItemCode><ItemType>1</ItemType><ItemName>אבקת מרק בצל במיכל</ItemName><ManufacturerName>אסם</ManufacturerName><ManufactureCountry>ישראל</ManufactureCountry><ManufacturerItemDescription>מרק בצל 400 גרם</ManufacturerItemDescription><SoldByWeight/><Quantity>400.00</Quantity><UnitOfMeasure>גרם     </UnitOfMeasure><QtyInPackage>לא ידוע</QtyInPackage><UnitOfMeasurePrice>0.0772</UnitOfMeasurePrice><AllowDiscount>1</AllowDiscount><ItemStatus>1</ItemStatus><ItemPrice>30.90</ItemPrice></item><item><PriceUpdateDate>2016-03-16 14:00:24</PriceUpdateDate><ItemCode>7290000413532</ItemCode><ItemType>1</ItemType><ItemName>קטשופ אסם רכיבים טבע</ItemName><ManufacturerName>אסם</ManufacturerName><ManufactureCountry>ישראל</ManufactureCountry><ManufacturerItemDescription>קטשופ לחיץ רגיל 750 גרם</ManufacturerItemDescription><SoldByWeight/><Quantity>750.00</Quantity><UnitOfMeasure>גרם     </UnitOfMeasure><QtyInPackage>לא ידוע</QtyInPackage><UnitOfMeasurePrice>0.0159</UnitOfMeasurePrice><AllowDiscount>0</AllowDiscount><ItemStatus>1</ItemStatus><ItemPrice>11.90</ItemPrice></item><item><PriceUpdateDate>2016-05-01 12:01:02</PriceUpdateDate><ItemCode>7290000413563</ItemCode><ItemType>1</ItemType><ItemName>רוטב ספגטי 500 גרם</ItemName><ManufacturerName>אסם</ManufacturerName><ManufactureCountry>ישראל</ManufactureCountry><ManufacturerItemDescription>רוטב לספגטי 500 גרם</ManufacturerItemDescription><SoldByWeight/><Quantity>500.00</Quantity><UnitOfMeasure>מ"ל</UnitOfMeasure><QtyInPackage>לא ידוע</QtyInPackage><UnitOfMeasurePrice>0.0300</UnitOfMeasurePrice><AllowDiscount>1</AllowDiscount><ItemStatus>1</ItemStatus><ItemPrice>15.00</ItemPrice></item><item><PriceUpdateDate>2016-03-16 14:00:55</PriceUpdateDate><ItemCode>7290000413570</ItemCode><ItemType>1</ItemType><ItemName>קפה נמס טסטר'ס צ'ויס</ItemName><ManufacturerName>טסטרס צויס</ManufacturerName><ManufactureCountry>ישראל</ManufactureCountry><ManufacturerItemDescription>קפה טסטרס צויס  'ויס200ג</ManufacturerItemDescription><SoldByWeight/><Quantity>200.00</Quantity><UnitOfMeasure>גרם     </UnitOfMeasure><QtyInPackage>לא ידוע</QtyInPackage><UnitOfMeasurePrice>0.1595</UnitOfMeasurePrice><AllowDiscount>1</AllowDiscount><ItemStatus>1</ItemStatus><ItemPrice>31.90</ItemPrice></item><item><PriceUpdateDate>2016-03-16 14:00:56</PriceUpdateDate><ItemCode>7290000413594</ItemCode><ItemType>1</ItemType><ItemName>טסטר'ס צ'ויס נטול קפ</ItemName><ManufacturerName>ג'יקובס</ManufacturerName><ManufactureCountry>ישראל</ManufactureCountry><ManufacturerItemDescription>קפה טסטרס צויס  ופאין200</ManufacturerItemDescription><SoldByWeight/><Quantity>200.00</Quantity><UnitOfMeasure>גרם     </UnitOfMeasure><QtyInPackage>לא ידוע</QtyInPackage><UnitOfMeasurePrice>0.1995</UnitOfMeasurePrice><AllowDiscount>1</AllowDiscount><ItemStatus>1</ItemStatus><ItemPrice>39.90</ItemPrice></item><item><PriceUpdateDate>2016-05-01 12:01:02</PriceUpdateDate><ItemCode>7290000413631</ItemCode><ItemType>1</ItemType><ItemName>רוטב לסלט אלף האיים</ItemName><ManufacturerName>אסם</ManufacturerName><ManufactureCountry>ישראל</ManufactureCountry><ManufacturerItemDescription>רוטב אלף האיים לייט 290 5</ManufacturerItemDescription><SoldByWeight/><Quantity>290.00</Quantity><UnitOfMeasure>מ"ל</UnitOfMeasure><QtyInPackage>לא ידוע</QtyInPackage><UnitOfMeasurePrice>0.0445</UnitOfMeasurePrice><AllowDiscount>1</AllowDiscount><ItemStatus>1</ItemStatus><ItemPrice>12.90</ItemPrice></item><item><PriceUpdateDate>2016-05-01 12:01:02</PriceUpdateDate><ItemCode>7290000413662</ItemCode><ItemType>1</ItemType><ItemName>מנה חמה אטריות עם עג</ItemName><ManufacturerName>אסם</ManufacturerName><ManufactureCountry>ישראל</ManufactureCountry><ManufacturerItemDescription>תבשיל מנה חמה עם עגבניות6</ManufacturerItemDescription><SoldByWeight/><Quantity>14.00</Quantity><UnitOfMeasure>גרם     </UnitOfMeasure><QtyInPackage>לא ידוע</QtyInPackage><UnitOfMeasurePrice>0.4929</UnitOfMeasurePrice><AllowDiscount>1</AllowDiscount><ItemStatus>1</ItemStatus><ItemPrice>6.90</ItemPrice></item><item><PriceUpdateDate>2016-05-01 12:01:03</PriceUpdateDate><ItemCode>7290000413709</ItemCode><ItemType>1</ItemType><ItemName>מנה חמה נודלס טעם בק</ItemName><ManufacturerName>אסם</ManufacturerName><ManufactureCountry>ישראל</ManufactureCountry><ManufacturerItemDescription>מנה חמה נודלס טעם בק</ManufacturerItemDescription><SoldByWeight/><Quantity>70.00</Quantity><UnitOfMeasure>גרם     </UnitOfMeasure><QtyInPackage>לא ידוע</QtyInPackage><UnitOfMeasurePrice>0.0986</UnitOfMeasurePrice><AllowDiscount>1</AllowDiscount><ItemStatus>1</ItemStatus><ItemPrice>6.90</ItemPrice></item><item><PriceUpdateDate>2016-03-29 07:10:19</PriceUpdateDate><ItemCode>7290000413723</ItemCode><ItemType>1</ItemType><ItemName>מארז צ'יפסי 4*50 גרם</ItemName><ManufacturerName>ציפסי</ManufacturerName><ManufactureCountry>ישראל</ManufactureCountry><ManufacturerItemDescription>מארז צ'יפסי 4*50 גרם</ManufacturerItemDescription><SoldByWeight/><Quantity>200.00</Quantity><UnitOfMeasure>גרם     </UnitOfMeasure><QtyInPackage>לא ידוע</QtyInPackage><UnitOfMeasurePrice>0.0645</UnitOfMeasurePrice><AllowDiscount>1</AllowDiscount><ItemStatus>1</ItemStatus><ItemPrice>12.90</ItemPrice></item><item><PriceUpdateDate>2016-05-01 12:01:03</PriceUpdateDate><ItemCode>7290000413747</ItemCode><ItemType>1</ItemType><ItemName>פתי בר שוקו 500 גרם</ItemName><ManufacturerName>פתי בר אסם</ManufacturerName><ManufactureCountry>ישראל</ManufactureCountry><ManufacturerItemDescription>ביסקויט פתיבר שוקו 500 גר</ManufacturerItemDescription><SoldByWeight/><Quantity>500.00</Quantity><UnitOfMeasure>גרם     </UnitOfMeasure><QtyInPackage>לא ידוע</QtyInPackage><UnitOfMeasurePrice>0.0218</UnitOfMeasurePrice><AllowDiscount>1</AllowDiscount><ItemStatus>1</ItemStatus><ItemPrice>10.90</ItemPrice></item><item><PriceUpdateDate>2016-05-01 12:01:03</PriceUpdateDate><ItemCode>7290000413754</ItemCode><ItemType>1</ItemType><ItemName>פתי בר בינוני 250 גר</ItemName><ManufacturerName>לא ידוע</ManufacturerName><ManufactureCountry>ישראל</ManufactureCountry><ManufacturerItemDescription>פתיבר 250 גר</ManufacturerItemDescription><SoldByWeight/><Quantity>250.00</Quantity><UnitOfMeasure>גרם     </UnitOfMeasure><QtyInPackage>לא ידוע</QtyInPackage><UnitOfMeasurePrice>0.0348</UnitOfMeasurePrice><AllowDiscount>1</AllowDiscount><ItemStatus>1</ItemStatus><ItemPrice>8.70</ItemPrice></item><item><PriceUpdateDate>2016-05-01 12:01:03</PriceUpdateDate><ItemCode>7290000413761</ItemCode><ItemType>1</ItemType><ItemName>פתי בר וניל 500 גרם</ItemName><ManufacturerName>אסם</ManufacturerName><ManufactureCountry>ישראל</ManufactureCountry><ManufacturerItemDescription>ביסקויט פתיבר 500 גר</ManufacturerItemDescription><SoldByWeight/><Quantity>500.00</Quantity><UnitOfMeasure>גרם     </UnitOfMeasure><QtyInPackage>לא ידוע</QtyInPackage><UnitOfMeasurePrice>0.0218</UnitOfMeasurePrice><AllowDiscount>1</AllowDiscount><ItemStatus>1</ItemStatus><ItemPrice>10.90</ItemPrice></item><item><PriceUpdateDate>2016-05-01 12:01:03</PriceUpdateDate><ItemCode>7290000413778</ItemCode><ItemType>1</ItemType><ItemName>קרם קרקר 227 גרם</ItemName><ManufacturerName>קרקר אסם</ManufacturerName><ManufactureCountry>ישראל</ManufactureCountry><ManufacturerItemDescription>קרם קרקר250 גר</ManufacturerItemDescription><SoldByWeight/><Quantity>227.00</Quantity><UnitOfMeasure>גרם     </UnitOfMeasure><QtyInPackage>לא ידוע</QtyInPackage><UnitOfMeasurePrice>0.0458</UnitOfMeasurePrice><AllowDiscount>1</AllowDiscount><ItemStatus>1</ItemStatus><ItemPrice>9.90</ItemPrice></item><item><PriceUpdateDate>2016-05-01 12:01:03</PriceUpdateDate><ItemCode>7290000413785</ItemCode><ItemType>1</ItemType><ItemName>קרקר שומשום 250 גרם</ItemName><ManufacturerName>קרם קרקר אסם</ManufacturerName><ManufactureCountry>ישראל</ManufactureCountry><ManufacturerItemDescription>קרקר שומשום250 גר</ManufacturerItemDescription><SoldByWeight/><Quantity>250.00</Quantity><UnitOfMeasure>גרם     </UnitOfMeasure><QtyInPackage>לא ידוע</QtyInPackage><UnitOfMeasurePrice>0.0416</UnitOfMeasurePrice><AllowDiscount>1</AllowDiscount><ItemStatus>1</ItemStatus><ItemPrice>10.40</ItemPrice></item><item><PriceUpdateDate>2016-05-01 12:01:05</PriceUpdateDate><ItemCode>7290000413990</ItemCode><ItemType>1</ItemType><ItemName>עוגת הבית שמרים בריו</ItemName><ManufacturerName>אסם</ManufacturerName><ManufactureCountry>ישראל</ManufactureCountry><ManufacturerItemDescription>עוגת הבית שמרים בריוש שוק</ManufacturerItemDescription><SoldByWeight/><Quantity>360.00</Quantity><UnitOfMeasure>גרם     </UnitOfMeasure><QtyInPackage>לא ידוע</QtyInPackage><UnitOfMeasurePrice>0.0536</UnitOfMeasurePrice><AllowDiscount>1</AllowDiscount><ItemStatus>1</ItemStatus><ItemPrice>19.30</ItemPrice></item><item><PriceUpdateDate>2016-05-01 12:01:05</PriceUpdateDate><ItemCode>7290000414010</ItemCode><ItemType>1</ItemType><ItemName>בייגלה שמניות קטנות</ItemName><ManufacturerName>אסם</ManufacturerName><ManufactureCountry>ישראל</ManufactureCountry><ManufacturerItemDescription>בייגלך שמיניות קטנות 80 ג</ManufacturerItemDescription><SoldByWeight/><Quantity>80.00</Quantity><UnitOfMeasure>גרם     </UnitOfMeasure><QtyInPackage>לא ידוע</QtyInPackage><UnitOfMeasurePrice>0.0537</UnitOfMeasurePrice><AllowDiscount>1</AllowDiscount><ItemStatus>1</ItemStatus><ItemPrice>4.30</ItemPrice></item><item><PriceUpdateDate>2016-05-01 12:01:05</PriceUpdateDate><ItemCode>7290000414034</ItemCode><ItemType>1</ItemType><ItemName>נס קוויק אבקה להכנת</ItemName><ManufacturerName>נסקוויק</ManufacturerName><ManufactureCountry>ישראל</ManufactureCountry><ManufacturerItemDescription>אבקה להכנת משקה שוקולד נס</ManufacturerItemDescription><SoldByWeight/><Quantity>450.00</Quantity><UnitOfMeasure>גרם     </UnitOfMeasure><QtyInPackage>לא ידוע</QtyInPackage><UnitOfMeasurePrice>0.0393</UnitOfMeasurePrice><AllowDiscount>1</AllowDiscount><ItemStatus>1</ItemStatus><ItemPrice>17.70</ItemPrice></item><item><PriceUpdateDate>2015-11-02 17:19:02</PriceUpdateDate><ItemCode>7290000414225</ItemCode><ItemType>1</ItemType><ItemName>חטיפי פריכונים בטעם</ItemName><ManufacturerName>פריכונים</ManufacturerName><ManufactureCountry>ישראל</ManufactureCountry><ManufacturerItemDescription>חטיפי פריכונים בטעם</ManufacturerItemDescription><SoldByWeight/><Quantity>14.00</Quantity><UnitOfMeasure>גרם     </UnitOfMeasure><QtyInPackage>לא ידוע</QtyInPackage><UnitOfMeasurePrice>0.6286</UnitOfMeasurePrice><AllowDiscount>1</AllowDiscount><ItemStatus>1</ItemStatus><ItemPrice>8.80</ItemPrice></item><item><PriceUpdateDate>2016-03-29 07:10:19</PriceUpdateDate><ItemCode>7290000414300</ItemCode><ItemType>1</ItemType><ItemName>סלט טורקי רפי כהן 40</ItemName><ManufacturerName>צבר</ManufacturerName><ManufactureCountry>ישראל</ManufactureCountry><ManufacturerItemDescription>סלט טורקי רפי 400 גרם</ManufacturerItemDescription><SoldByWeight/><Quantity>400.00</Quantity><UnitOfMeasure>גרם     </UnitOfMeasure><QtyInPackage>לא ידוע</QtyInPackage><UnitOfMeasurePrice>0.0413</UnitOfMeasurePrice><AllowDiscount>1</AllowDiscount><ItemStatus>1</ItemStatus><ItemPrice>16.50</ItemPrice></item><item><PriceUpdateDate>2016-03-29 07:10:19</PriceUpdateDate><ItemCode>7290000414324</ItemCode><ItemType>1</ItemType><ItemName>סלט חציל בטעם כבד רפ</ItemName><ManufacturerName>צבר</ManufacturerName><ManufactureCountry>ישראל</ManufactureCountry><ManufacturerItemDescription>סלט חציל בטעם כבד רפ</ManufacturerItemDescription><SoldByWeight/><Quantity>400.00</Quantity><UnitOfMeasure>גרם     </UnitOfMeasure><QtyInPackage>לא ידוע</QtyInPackage><UnitOfMeasurePrice>0.0413</UnitOfMeasurePrice><AllowDiscount>1</AllowDiscount><ItemStatus>1</ItemStatus><ItemPrice>16.50</ItemPrice></item><item><PriceUpdateDate>2016-05-01 12:01:06</PriceUpdateDate><ItemCode>7290000414447</ItemCode><ItemType>1</ItemType><ItemName>אפונה עדינה 600 גרם</ItemName><ManufacturerName>סנפרוסט</ManufacturerName><ManufactureCountry>ישראל</ManufactureCountry><ManufacturerItemDescription>אפונה עדינה 600 גר</ManufacturerItemDescription><SoldByWeight/><Quantity>600.00</Quantity><UnitOfMeasure>גרם     </UnitOfMeasure><QtyInPackage>לא ידוע</QtyInPackage><UnitOfMeasurePrice>0.0315</UnitOfMeasurePrice><AllowDiscount>1</AllowDiscount><ItemStatus>1</ItemStatus><ItemPrice>18.90</ItemPrice></item><item><PriceUpdateDate>2016-05-01 12:01:06</PriceUpdateDate><ItemCode>7290000414454</ItemCode><ItemType>1</ItemType><ItemName>במיה סנפרוסט</ItemName><ManufacturerName>סנפרוסט</ManufacturerName><ManufactureCountry>ישראל</ManufactureCountry><ManufacturerItemDescription>במיה 600 גר</ManufacturerItemDescription><SoldByWeight/><Quantity>600.00</Quantity><UnitOfMeasure>גרם     </UnitOfMeasure><QtyInPackage>לא ידוע</QtyInPackage><UnitOfMeasurePrice>0.0342</UnitOfMeasurePrice><AllowDiscount>1</AllowDiscount><ItemStatus>1</ItemStatus><ItemPrice>20.50</ItemPrice></item><item><PriceUpdateDate>2016-03-16 14:00:24</PriceUpdateDate><ItemCode>7290000414485</ItemCode><ItemType>1</ItemType><ItemName>אפונת גינה סנפרוסט 8</ItemName><ManufacturerName>סנפרוסט</ManufacturerName><ManufactureCountry>ישראל</ManufactureCountry><ManufacturerItemDescription>אפונת גינה 800 גר</ManufacturerItemDescription><SoldByWeight/><Quantity>800.00</Quantity><UnitOfMeasure>גרם     </UnitOfMeasure><QtyInPackage>לא ידוע</QtyInPackage><UnitOfMeasurePrice>0.0236</UnitOfMeasurePrice><AllowDiscount>1</AllowDiscount><ItemStatus>1</ItemStatus><ItemPrice>18.90</ItemPrice></item><item><PriceUpdateDate>2016-05-01 12:01:06</PriceUpdateDate><ItemCode>7290000414492</ItemCode><ItemType>1</ItemType><ItemName>שעועית שלמה סנפרוסט</ItemName><ManufacturerName>סנפרוסט</ManufacturerName><ManufactureCountry>ישראל</ManufactureCountry><ManufacturerItemDescription>שעועית ירוקה שלמה 800 גר</ManufacturerItemDescription><SoldByWeight/><Quantity>800.00</Quantity><UnitOfMeasure>גרם     </UnitOfMeasure><QtyInPackage>לא ידוע</QtyInPackage><UnitOfMeasurePrice>0.0254</UnitOfMeasurePrice><AllowDiscount>1</AllowDiscount><ItemStatus>1</ItemStatus><ItemPrice>20.30</ItemPrice></item><item><PriceUpdateDate>2016-05-01 12:01:06</PriceUpdateDate><ItemCode>7290000414508</ItemCode><ItemType>1</ItemType><ItemName>גרעיני תירס 800 גרם</ItemName><ManufacturerName>סנפרוסט</ManufacturerName><ManufactureCountry>ישראל</ManufactureCountry><ManufacturerItemDescription>תירס גרעינים 800 גר</ManufacturerItemDescription><SoldByWeight/><Quantity>800.00</Quantity><UnitOfMeasure>גרם     </UnitOfMeasure><QtyInPackage>לא ידוע</QtyInPackage><UnitOfMeasurePrice>0.0236</UnitOfMeasurePrice><AllowDiscount>1</AllowDiscount><ItemStatus>1</ItemStatus><ItemPrice>18.90</ItemPrice></item><item><PriceUpdateDate>2016-05-01 10:18:18</PriceUpdateDate><ItemCode>7290000414515</ItemCode><ItemType>1</ItemType><ItemName>מב גזר גמדי סנפרוסט</ItemName><ManufacturerName>סנפרוסט</ManufacturerName><ManufactureCountry>ישראל</ManufactureCountry><ManufacturerItemDescription>גזר גמדי 800 גר</ManufacturerItemDescription><SoldByWeight/><Quantity>800.00</Quantity><UnitOfMeasure>גרם     </UnitOfMeasure><QtyInPackage>לא ידוע</QtyInPackage><UnitOfMeasurePrice>0.0174</UnitOfMeasurePrice><AllowDiscount>1</AllowDiscount><ItemStatus>1</ItemStatus><ItemPrice>13.90</ItemPrice></item><item><PriceUpdateDate>2016-05-01 12:01:07</PriceUpdateDate><ItemCode>7290000414522</ItemCode><ItemType>1</ItemType><ItemName>פול ירוק 800 גרם</ItemName><ManufacturerName>סנפרוסט</ManufacturerName><ManufactureCountry>ישראל</ManufactureCountry><ManufacturerItemDescription>פול ירוק 800 גר</ManufacturerItemDescription><SoldByWeight/><Quantity>800.00</Quantity><UnitOfMeasure>גרם     </UnitOfMeasure><QtyInPackage>לא ידוע</QtyInPackage><UnitOfMeasurePrice>0.0349</UnitOfMeasurePrice><AllowDiscount>1</AllowDiscount><ItemStatus>1</ItemStatus><ItemPrice>27.90</ItemPrice></item><item><PriceUpdateDate>2016-05-01 12:01:07</PriceUpdateDate><ItemCode>7290000414553</ItemCode><ItemType>1</ItemType><ItemName>כרובית 800 גרם</ItemName><ManufacturerName>סנפרוסט</ManufacturerName><ManufactureCountry>ישראל</ManufactureCountry><ManufacturerItemDescription>כרובית 800-גר</ManufacturerItemDescription><SoldByWeight/><Quantity>800.00</Quantity><UnitOfMeasure>גרם     </UnitOfMeasure><QtyInPackage>לא ידוע</QtyInPackage><UnitOfMeasurePrice>0.0311</UnitOfMeasurePrice><AllowDiscount>1</AllowDiscount><ItemStatus>1</ItemStatus><ItemPrice>24.90</ItemPrice></item><item><PriceUpdateDate>2016-05-01 12:01:07</PriceUpdateDate><ItemCode>7290000414560</ItemCode><ItemType>1</ItemType><ItemName>מב כרוב ניצנים 800 ג</ItemName><ManufacturerName>סנפרוסט</ManufacturerName><ManufactureCountry>ישראל</ManufactureCountry><ManufacturerItemDescription>מב כרוב ניצנים 800 ג</ManufacturerItemDescription><SoldByWeight/><Quantity>800.00</Quantity><UnitOfMeasure>גרם     </UnitOfMeasure><QtyInPackage>לא ידוע</QtyInPackage><UnitOfMeasurePrice>0.0199</UnitOfMeasurePrice><AllowDiscount>1</AllowDiscount><ItemStatus>1</ItemStatus><ItemPrice>15.90</ItemPrice></item><item><PriceUpdateDate>2016-05-01 12:01:07</PriceUpdateDate><ItemCode>7290000414591</ItemCode><ItemType>1</ItemType><ItemName>שעועית לבנה מבושלת 8</ItemName><ManufacturerName>סנפרוסט</ManufacturerName><ManufactureCountry>ישראל</ManufactureCountry><ManufacturerItemDescription>שעועית לבנה מבושלת קפואה8</ManufacturerItemDescription><SoldByWeight/><Quantity>800.00</Quantity><UnitOfMeasure>גרם     </UnitOfMeasure><QtyInPackage>לא ידוע</QtyInPackage><UnitOfMeasurePrice>0.0269</UnitOfMeasurePrice><AllowDiscount>1</AllowDiscount><ItemStatus>1</ItemStatus><ItemPrice>21.50</ItemPrice></item><item><PriceUpdateDate>2016-05-01 12:01:07</PriceUpdateDate><ItemCode>7290000414607</ItemCode><ItemType>1</ItemType><ItemName>גרגרי חומוס מבושלים</ItemName><ManufacturerName>סנפרוסט</ManufacturerName><ManufactureCountry>ישראל</ManufactureCountry><ManufacturerItemDescription>גרגרי חומוס מבושלים קפואי</ManufacturerItemDescription><SoldByWeight/><Quantity>800.00</Quantity><UnitOfMeasure>גרם     </UnitOfMeasure><QtyInPackage>לא ידוע</QtyInPackage><UnitOfMeasurePrice>0.0283</UnitOfMeasurePrice><AllowDiscount>0</AllowDiscount><ItemStatus>1</ItemStatus><ItemPrice>22.60</ItemPrice></item><item><PriceUpdateDate>2016-05-01 10:18:19</PriceUpdateDate><ItemCode>7290000414614</ItemCode><ItemType>1</ItemType><ItemName>מב קלחוני תירס 1 ק"ג</ItemName><ManufacturerName>סנפרוסט</ManufacturerName><ManufactureCountry>ישראל</ManufactureCountry><ManufacturerItemDescription>קלחוני תירס 1 קג</ManufacturerItemDescription><SoldByWeight/><Quantity>700.00</Quantity><UnitOfMeasure>גרם     </UnitOfMeasure><QtyInPackage>לא ידוע</QtyInPackage><UnitOfMeasurePrice>0.0199</UnitOfMeasurePrice><AllowDiscount>1</AllowDiscount><ItemStatus>1</ItemStatus><ItemPrice>13.90</ItemPrice></item><item><PriceUpdateDate>2016-05-01 12:01:07</PriceUpdateDate><ItemCode>7290000414621</ItemCode><ItemType>1</ItemType><ItemName>שעועית עדינה שלמה סנ</ItemName><ManufacturerName>סנפרוסט</ManufacturerName><ManufactureCountry>ישראל</ManufactureCountry><ManufacturerItemDescription>שעועית עדינה שלמה 600 גרם</ManufacturerItemDescription><SoldByWeight/><Quantity>600.00</Quantity><UnitOfMeasure>גרם     </UnitOfMeasure><QtyInPackage>לא ידוע</QtyInPackage><UnitOfMeasurePrice>0.0390</UnitOfMeasurePrice><AllowDiscount>1</AllowDiscount><ItemStatus>1</ItemStatus><ItemPrice>23.40</ItemPrice></item><item><PriceUpdateDate>2016-03-29 07:28:04</PriceUpdateDate><ItemCode>7290000414645</ItemCode><ItemType>1</ItemType><ItemName>מב לקט לקוסקוס 800 ג</ItemName><ManufacturerName>סנפרוסט</ManufacturerName><ManufactureCountry>ישראל</ManufactureCountry><ManufacturerItemDescription>לקט לקוסקוס</ManufacturerItemDescription><SoldByWeight/><Quantity>800.00</Quantity><UnitOfMeasure>גרם     </UnitOfMeasure><QtyInPackage>לא ידוע</QtyInPackage><UnitOfMeasurePrice>0.0186</UnitOfMeasurePrice><AllowDiscount>1</AllowDiscount><ItemStatus>1</ItemStatus><ItemPrice>14.90</ItemPrice></item><item><PriceUpdateDate>2016-05-01 10:18:19</PriceUpdateDate><ItemCode>7290000414652</ItemCode><ItemType>1</ItemType><ItemName>מב אפונה וגזר 800 גר</ItemName><ManufacturerName>סנפרוסט</ManufacturerName><ManufactureCountry>ישראל</ManufactureCountry><ManufacturerItemDescription>אפונה וגזר800 גר</ManufacturerItemDescription><SoldByWeight/><Quantity>800.00</Quantity><UnitOfMeasure>גרם     </UnitOfMeasure><QtyInPackage>לא ידוע</QtyInPackage><UnitOfMeasurePrice>0.0174</UnitOfMeasurePrice><AllowDiscount>1</AllowDiscount><ItemStatus>1</ItemStatus><ItemPrice>13.90</ItemPrice></item><item><PriceUpdateDate>2016-03-29 07:28:04</PriceUpdateDate><ItemCode>7290000414676</ItemCode><ItemType>1</ItemType><ItemName>מב לקט ירקות מעורבים</ItemName><ManufacturerName>סנפרוסט</ManufacturerName><ManufactureCountry>ישראל</ManufactureCountry><ManufacturerItemDescription>מב לקט ירקות מעורבים</ManufacturerItemDescription><SoldByWeight/><Quantity>800.00</Quantity><UnitOfMeasure>גרם     </UnitOfMeasure><QtyInPackage>לא ידוע</QtyInPackage><UnitOfMeasurePrice>0.0186</UnitOfMeasurePrice><AllowDiscount>1</AllowDiscount><ItemStatus>1</ItemStatus><ItemPrice>14.90</ItemPrice></item><item><PriceUpdateDate>2016-05-01 12:01:08</PriceUpdateDate><ItemCode>7290000414768</ItemCode><ItemType>1</ItemType><ItemName>תחתיות ארטישוק 400 ג</ItemName><ManufacturerName>סנפרוסט</ManufacturerName><ManufactureCountry>ישראל</ManufactureCountry><ManufacturerItemDescription>תחתיות ארטישוק 400 גר</ManufacturerItemDescription><SoldByWeight/><Quantity>400.00</Quantity><UnitOfMeasure>גרם     </UnitOfMeasure><QtyInPackage>לא ידוע</QtyInPackage><UnitOfMeasurePrice>0.0628</UnitOfMeasurePrice><AllowDiscount>1</AllowDiscount><ItemStatus>1</ItemStatus><ItemPrice>25.10</ItemPrice></item><item><PriceUpdateDate>2016-05-01 12:01:08</PriceUpdateDate><ItemCode>7290000414799</ItemCode><ItemType>1</ItemType><ItemName>תפרחת ברוקולי סנפרוס</ItemName><ManufacturerName>סנפרוסט</ManufacturerName><ManufactureCountry>ישראל</ManufactureCountry><ManufacturerItemDescription>תפרחות ברוקולי 800 גר</ManufacturerItemDescription><SoldByWeight/><Quantity>800.00</Quantity><UnitOfMeasure>גרם     </UnitOfMeasure><QtyInPackage>לא ידוע</QtyInPackage><UnitOfMeasurePrice>0.0355</UnitOfMeasurePrice><AllowDiscount>1</AllowDiscount><ItemStatus>1</ItemStatus><ItemPrice>28.40</ItemPrice></item><item><PriceUpdateDate>2015-10-13 11:27:29</PriceUpdateDate><ItemCode>7290000414829</ItemCode><ItemType>1</ItemType><ItemName>מרגרינה בלו בנד בלי</ItemName><ManufacturerName>בלובנד</ManufacturerName><ManufactureCountry>ישראל</ManufactureCountry><ManufacturerItemDescription>מרגרינה בלו בנד בלי</ManufacturerItemDescription><SoldByWeight/><Quantity>200.00</Quantity><UnitOfMeasure>מ"ל</UnitOfMeasure><QtyInPackage>לא ידוע</QtyInPackage><UnitOfMeasurePrice>0.0250</UnitOfMeasurePrice><AllowDiscount>1</AllowDiscount><ItemStatus>1</ItemStatus><ItemPrice>5.00</ItemPrice></item><item><PriceUpdateDate>2015-10-13 11:27:29</PriceUpdateDate><ItemCode>7290000414836</ItemCode><ItemType>1</ItemType><ItemName>מרגרינה בטעם חמאה 20</ItemName><ManufacturerName>בלובנד</ManufacturerName><ManufactureCountry>ישראל</ManufactureCountry><ManufacturerItemDescription>מרגרינה בטעם חמאה 20</ManufacturerItemDescription><SoldByWeight/><Quantity>200.00</Quantity><UnitOfMeasure>מ"ל</UnitOfMeasure><QtyInPackage>לא ידוע</QtyInPackage><UnitOfMeasurePrice>0.0270</UnitOfMeasurePrice><AllowDiscount>1</AllowDiscount><ItemStatus>1</ItemStatus><ItemPrice>5.40</ItemPrice></item><item><PriceUpdateDate>2016-05-01 12:01:08</PriceUpdateDate><ItemCode>7290000414881</ItemCode><ItemType>1</ItemType><ItemName>חטיף כיפלי בצל בד"צ</ItemName><ManufacturerName>כיפלי</ManufacturerName><ManufactureCountry>ישראל</ManufactureCountry><ManufacturerItemDescription>חטיף כיפלי בצל בד"צ</ManufacturerItemDescription><SoldByWeight/><Quantity>70.00</Quantity><UnitOfMeasure>גרם     </UnitOfMeasure><QtyInPackage>לא ידוע</QtyInPackage><UnitOfMeasurePrice>0.0971</UnitOfMeasurePrice><AllowDiscount>1</AllowDiscount><ItemStatus>1</ItemStatus><ItemPrice>6.80</ItemPrice></item><item><PriceUpdateDate>2015-09-30 23:47:36</PriceUpdateDate><ItemCode>7290000414928</ItemCode><ItemType>1</ItemType><ItemName>מיונז אמיתי תלמה 500</ItemName><ManufacturerName>תלמה</ManufacturerName><ManufactureCountry>ישראל</ManufactureCountry><ManufacturerItemDescription>מיונז אמיתי תלמה 500</ManufacturerItemDescription><SoldByWeight/><Quantity>500.00</Quantity><UnitOfMeasure>גרם     </UnitOfMeasure><QtyInPackage>לא ידוע</QtyInPackage><UnitOfMeasurePrice>0.0196</UnitOfMeasurePrice><AllowDiscount>1</AllowDiscount><ItemStatus>1</ItemStatus><ItemPrice>9.80</ItemPrice></item><item><PriceUpdateDate>2016-03-16 14:00:24</PriceUpdateDate><ItemCode>7290000414942</ItemCode><ItemType>1</ItemType><ItemName>מיונז 1 ק'ג</ItemName><ManufacturerName>תלמה</ManufacturerName><ManufactureCountry>ישראל</ManufactureCountry><ManufacturerItemDescription>מיונז 1 ק'ג</ManufacturerItemDescription><SoldByWeight/><Quantity>1000.00</Quantity><UnitOfMeasure>גרם     </UnitOfMeasure><QtyInPackage>לא ידוע</QtyInPackage><UnitOfMeasurePrice>0.0189</UnitOfMeasurePrice><AllowDiscount>1</AllowDiscount><ItemStatus>1</ItemStatus><ItemPrice>18.90</ItemPrice></item><item><PriceUpdateDate>2015-11-15 20:34:34</PriceUpdateDate><ItemCode>7290000414959</ItemCode><ItemType>1</ItemType><ItemName>חרדל אמיתי 250 גרם</ItemName><ManufacturerName>תלמה</ManufacturerName><ManufactureCountry>ישראל</ManufactureCountry><ManufacturerItemDescription>חרדל אמיתי 250 גרם</ManufacturerItemDescription><SoldByWeight/><Quantity>250.00</Quantity><UnitOfMeasure>גרם     </UnitOfMeasure><QtyInPackage>לא ידוע</QtyInPackage><UnitOfMeasurePrice>0.0348</UnitOfMeasurePrice><AllowDiscount>1</AllowDiscount><ItemStatus>1</ItemStatus><ItemPrice>8.70</ItemPrice></item><item><PriceUpdateDate>2016-05-01 12:01:09</PriceUpdateDate><ItemCode>7290000415031</ItemCode><ItemType>1</ItemType><ItemName>קנור מרק עוף 400 גרם</ItemName><ManufacturerName>קנור</ManufacturerName><ManufactureCountry>ישראל</ManufactureCountry><ManufacturerItemDescription>מרק עוף אמיתי 400 גרם קופ</ManufacturerItemDescription><SoldByWeight/><Quantity>400.00</Quantity><UnitOfMeasure>גרם     </UnitOfMeasure><QtyInPackage>לא ידוע</QtyInPackage><UnitOfMeasurePrice>0.0547</UnitOfMeasurePrice><AllowDiscount>1</AllowDiscount><ItemStatus>1</ItemStatus><ItemPrice>21.90</ItemPrice></item><item><PriceUpdateDate>2016-05-01 12:01:09</PriceUpdateDate><ItemCode>7290000415109</ItemCode><ItemType>1</ItemType><ItemName>חטיף כיפלי צ'יפס קטש</ItemName><ManufacturerName>כיפלי</ManufacturerName><ManufactureCountry>ישראל</ManufactureCountry><ManufacturerItemDescription>חטיף כיפלי צ'יפס קטש</ManufacturerItemDescription><SoldByWeight/><Quantity>14.00</Quantity><UnitOfMeasure>גרם     </UnitOfMeasure><QtyInPackage>לא ידוע</QtyInPackage><UnitOfMeasurePrice>0.4357</UnitOfMeasurePrice><AllowDiscount>1</AllowDiscount><ItemStatus>1</ItemStatus><ItemPrice>6.10</ItemPrice></item><item><PriceUpdateDate>2016-05-01 12:01:09</PriceUpdateDate><ItemCode>7290000415468</ItemCode><ItemType>1</ItemType><ItemName>חטיף דגנים שוגי שוקו</ItemName><ManufacturerName>שוגי</ManufacturerName><ManufactureCountry>ישראל</ManufactureCountry><ManufacturerItemDescription>חטיף דגנים שוקו שוגי208 1</ManufacturerItemDescription><SoldByWeight/><Quantity>208.00</Quantity><UnitOfMeasure>גרם     </UnitOfMeasure><QtyInPackage>לא ידוע</QtyInPackage><UnitOfMeasurePrice>0.1077</UnitOfMeasurePrice><AllowDiscount>1</AllowDiscount><ItemStatus>1</ItemStatus><ItemPrice>22.40</ItemPrice></item><item><PriceUpdateDate>2016-05-01 12:01:09</PriceUpdateDate><ItemCode>7290000415475</ItemCode><ItemType>1</ItemType><ItemName>חטיף דגנים קוקומן 8</ItemName><ManufacturerName>קוקומן</ManufacturerName><ManufactureCountry>ישראל</ManufactureCountry><ManufacturerItemDescription>חטיף דגנים קוקומן 8</ManufacturerItemDescription><SoldByWeight/><Quantity>168.00</Quantity><UnitOfMeasure>גרם     </UnitOfMeasure><QtyInPackage>לא ידוע</QtyInPackage><UnitOfMeasurePrice>0.1333</UnitOfMeasurePrice><AllowDiscount>1</AllowDiscount><ItemStatus>1</ItemStatus><ItemPrice>22.40</ItemPrice></item><item><PriceUpdateDate>2016-05-01 12:01:10</PriceUpdateDate><ItemCode>7290000415581</ItemCode><ItemType>1</ItemType><ItemName>לטקס 4 שקיות 85 גרם</ItemName><ManufacturerName>תלמה</ManufacturerName><ManufactureCountry>ישראל</ManufactureCountry><ManufacturerItemDescription>לביבות לטקס 170 גרם כשלפ</ManufacturerItemDescription><SoldByWeight/><Quantity>170.00</Quantity><UnitOfMeasure>גרם     </UnitOfMeasure><QtyInPackage>לא ידוע</QtyInPackage><UnitOfMeasurePrice>0.0871</UnitOfMeasurePrice><AllowDiscount>1</AllowDiscount><ItemStatus>1</ItemStatus><ItemPrice>14.80</ItemPrice></item><item><PriceUpdateDate>2016-03-01 06:43:22</PriceUpdateDate><ItemCode>7290000415727</ItemCode><ItemType>1</ItemType><ItemName>גבינת החתול המחייך 1</ItemName><ManufacturerName>מון בלאן</ManufacturerName><ManufactureCountry>ישראל</ManufactureCountry><ManufacturerItemDescription>גבינת החתול המחייך 1</ManufacturerItemDescription><SoldByWeight/><Quantity>120.00</Quantity><UnitOfMeasure>גרם     </UnitOfMeasure><QtyInPackage>לא ידוע</QtyInPackage><UnitOfMeasurePrice>0.1033</UnitOfMeasurePrice><AllowDiscount>1</AllowDiscount><ItemStatus>1</ItemStatus><ItemPrice>12.40</ItemPrice></item><item><PriceUpdateDate>2015-10-22 08:36:34</PriceUpdateDate><ItemCode>7290000415994</ItemCode><ItemType>1</ItemType><ItemName>מרגרינה מזולה 250גרם</ItemName><ManufacturerName>מזולה</ManufacturerName><ManufactureCountry>ישראל</ManufactureCountry><ManufacturerItemDescription>מרגרינה מזולה 250גרם</ManufacturerItemDescription><SoldByWeight/><Quantity>250.00</Quantity><UnitOfMeasure>גרם     </UnitOfMeasure><QtyInPackage>לא ידוע</QtyInPackage><UnitOfMeasurePrice>0.0448</UnitOfMeasurePrice><AllowDiscount>1</AllowDiscount><ItemStatus>1</ItemStatus><ItemPrice>11.20</ItemPrice></item><item><PriceUpdateDate>2015-10-22 08:36:34</PriceUpdateDate><ItemCode>7290000416007</ItemCode><ItemType>1</ItemType><ItemName>מרגרינה מזולה 250 גר</ItemName><ManufacturerName>מזולה</ManufacturerName><ManufactureCountry>ישראל</ManufactureCountry><ManufacturerItemDescription>מרגרינה מזולה 250 גר</ManufacturerItemDescription><SoldByWeight/><Quantity>250.00</Quantity><UnitOfMeasure>גרם     </UnitOfMeasure><QtyInPackage>לא ידוע</QtyInPackage><UnitOfMeasurePrice>0.0412</UnitOfMeasurePrice><AllowDiscount>1</AllowDiscount><ItemStatus>1</ItemStatus><ItemPrice>10.30</ItemPrice></item><item><PriceUpdateDate>2015-11-13 10:56:44</PriceUpdateDate><ItemCode>7290000416014</ItemCode><ItemType>1</ItemType><ItemName>מרגרינה מזולה עם שמן</ItemName><ManufacturerName>מזולה</ManufacturerName><ManufactureCountry>ישראל</ManufactureCountry><ManufacturerItemDescription>מרגרינה מזולה עם שמן</ManufacturerItemDescription><SoldByWeight/><Quantity>250.00</Quantity><UnitOfMeasure>מ"ל</UnitOfMeasure><QtyInPackage>לא ידוע</QtyInPackage><UnitOfMeasurePrice>0.0448</UnitOfMeasurePrice><AllowDiscount>1</AllowDiscount><ItemStatus>1</ItemStatus><ItemPrice>11.20</ItemPrice></item><item><PriceUpdateDate>2016-05-01 12:05:26</PriceUpdateDate><ItemCode>7290000416021</ItemCode><ItemType>1</ItemType><ItemName>ממרח השחר העולה 500</ItemName><ManufacturerName>השחר</ManufacturerName><ManufactureCountry>ישראל</ManufactureCountry><ManufacturerItemDescription>ממרח שוקולד השחר500 גר</ManufacturerItemDescription><SoldByWeight/><Quantity>500.00</Quantity><UnitOfMeasure>גרם     </UnitOfMeasure><QtyInPackage>לא ידוע</QtyInPackage><UnitOfMeasurePrice>0.0238</UnitOfMeasurePrice><AllowDiscount>1</AllowDiscount><ItemStatus>1</ItemStatus><ItemPrice>11.90</ItemPrice></item><item><PriceUpdateDate>2016-02-02 05:50:50</PriceUpdateDate><ItemCode>7290000416045</ItemCode><ItemType>1</ItemType><ItemName>ממרח השחר העולה 1 ק"</ItemName><ManufacturerName>השחר</ManufacturerName><ManufactureCountry>ישראל</ManufactureCountry><ManufacturerItemDescription>ממרח השחר העולה 1 ק"</ManufacturerItemDescription><SoldByWeight/><Quantity>1000.00</Quantity><UnitOfMeasure>גרם     </UnitOfMeasure><QtyInPackage>לא ידוע</QtyInPackage><UnitOfMeasurePrice>0.0234</UnitOfMeasurePrice><AllowDiscount>1</AllowDiscount><ItemStatus>1</ItemStatus><ItemPrice>23.40</ItemPrice></item><item><PriceUpdateDate>2016-05-01 12:01:10</PriceUpdateDate><ItemCode>7290000416069</ItemCode><ItemType>1</ItemType><ItemName>חטיף דגנים עוגי פצפו</ItemName><ManufacturerName>עוגי</ManufacturerName><ManufactureCountry>ישראל</ManufactureCountry><ManufacturerItemDescription>חטיף דגנים עוגי 144 1/8 ג</ManufacturerItemDescription><SoldByWeight/><Quantity>144.00</Quantity><UnitOfMeasure>גרם     </UnitOfMeasure><QtyInPackage>לא ידוע</QtyInPackage><UnitOfMeasurePrice>0.1556</UnitOfMeasurePrice><AllowDiscount>1</AllowDiscount><ItemStatus>1</ItemStatus><ItemPrice>22.40</ItemPrice></item><item><PriceUpdateDate>2015-11-15 20:34:34</PriceUpdateDate><ItemCode>7290000416137</ItemCode><ItemType>1</ItemType><ItemName>שמפו כביסה בדיו 2 לי</ItemName><ManufacturerName>קלין-סיף</ManufacturerName><ManufactureCountry>ישראל</ManufactureCountry><ManufacturerItemDescription>שמפו כביסה בדיו 2 לי</ManufacturerItemDescription><SoldByWeight/><Quantity>2000.00</Quantity><UnitOfMeasure>מ"ל</UnitOfMeasure><QtyInPackage>לא ידוע</QtyInPackage><UnitOfMeasurePrice>0.0140</UnitOfMeasurePrice><AllowDiscount>1</AllowDiscount><ItemStatus>1</ItemStatus><ItemPrice>28.00</ItemPrice></item><item><PriceUpdateDate>2016-05-01 12:01:10</PriceUpdateDate><ItemCode>7290000416182</ItemCode><ItemType>1</ItemType><ItemName>קונפיטור 778 משמש 33</ItemName><ManufacturerName>778</ManufacturerName><ManufactureCountry>ישראל</ManufactureCountry><ManufacturerItemDescription>קונפיטור 778 משמש 33</ManufacturerItemDescription><SoldByWeight/><Quantity>330.00</Quantity><UnitOfMeasure>גרם     </UnitOfMeasure><QtyInPackage>לא ידוע</QtyInPackage><UnitOfMeasurePrice>0.0491</UnitOfMeasurePrice><AllowDiscount>1</AllowDiscount><ItemStatus>1</ItemStatus><ItemPrice>16.20</ItemPrice></item><item><PriceUpdateDate>2016-05-01 12:01:10</PriceUpdateDate><ItemCode>7290000416199</ItemCode><ItemType>1</ItemType><ItemName>קונפיטור 778 תות שדה</ItemName><ManufacturerName>778</ManufacturerName><ManufactureCountry>ישראל</ManufactureCountry><ManufacturerItemDescription>קונפיטור 778 תות שדה</ManufacturerItemDescription><SoldByWeight/><Quantity>330.00</Quantity><UnitOfMeasure>גרם     </UnitOfMeasure><QtyInPackage>לא ידוע</QtyInPackage><UnitOfMeasurePrice>0.0491</UnitOfMeasurePrice><AllowDiscount>1</AllowDiscount><ItemStatus>1</ItemStatus><ItemPrice>16.20</ItemPrice></item><item><PriceUpdateDate>2016-03-01 07:12:48</PriceUpdateDate><ItemCode>7290000416441</ItemCode><ItemType>1</ItemType><ItemName>משקה ג'אמפ אשכוליות</ItemName><ManufacturerName>גאמפ</ManufacturerName><ManufactureCountry>ישראל</ManufactureCountry><ManufacturerItemDescription>משקל גאמפ אשכוליות 1.5 ל</ManufacturerItemDescription><SoldByWeight/><Quantity>1500.00</Quantity><UnitOfMeasure>מ"ל</UnitOfMeasure><QtyInPackage>לא ידוע</QtyInPackage><UnitOfMeasurePrice>0.0046</UnitOfMeasurePrice><AllowDiscount>1</AllowDiscount><ItemStatus>1</ItemStatus><ItemPrice>6.90</ItemPrice></item><item><PriceUpdateDate>2016-03-16 14:00:24</PriceUpdateDate><ItemCode>7290000416533</ItemCode><ItemType>1</ItemType><ItemName>שמפו הוואי לגבר 700</ItemName><ManufacturerName>הוואי</ManufacturerName><ManufactureCountry>ישראל</ManufactureCountry><ManufacturerItemDescription>הוואי שמפו לגבר 700 מל</ManufacturerItemDescription><SoldByWeight/><Quantity>700.00</Quantity><UnitOfMeasure>מ"ל</UnitOfMeasure><QtyInPackage>לא ידוע</QtyInPackage><UnitOfMeasurePrice>0.0141</UnitOfMeasurePrice><AllowDiscount>0</AllowDiscount><ItemStatus>1</ItemStatus><ItemPrice>9.90</ItemPrice></item><item><PriceUpdateDate>2016-03-16 14:00:25</PriceUpdateDate><ItemCode>7290000416595</ItemCode><ItemType>1</ItemType><ItemName>שמפו הוואי למניעת קש</ItemName><ManufacturerName>הוואי</ManufacturerName><ManufactureCountry>ישראל</ManufactureCountry><ManufacturerItemDescription>הוואי שמפו למניעת קשקשים7</ManufacturerItemDescription><SoldByWeight/><Quantity>700.00</Quantity><UnitOfMeasure>מ"ל</UnitOfMeasure><QtyInPackage>לא ידוע</QtyInPackage><UnitOfMeasurePrice>0.0141</UnitOfMeasurePrice><AllowDiscount>0</AllowDiscount><ItemStatus>1</ItemStatus><ItemPrice>9.90</ItemPrice></item><item><PriceUpdateDate>2016-05-01 12:05:26</PriceUpdateDate><ItemCode>7290000416618</ItemCode><ItemType>1</ItemType><ItemName>ממרח פרווה השחר 400</ItemName><ManufacturerName>השחר</ManufacturerName><ManufactureCountry>ישראל</ManufactureCountry><ManufacturerItemDescription>ממרח שוקולד השחר400ג.בדץ</ManufacturerItemDescription><SoldByWeight/><Quantity>400.00</Quantity><UnitOfMeasure>גרם     </UnitOfMeasure><QtyInPackage>לא ידוע</QtyInPackage><UnitOfMeasurePrice>0.0395</UnitOfMeasurePrice><AllowDiscount>1</AllowDiscount><ItemStatus>1</ItemStatus><ItemPrice>15.80</ItemPrice></item><item><PriceUpdateDate>2016-03-29 07:10:20</PriceUpdateDate><ItemCode>7290000416946</ItemCode><ItemType>1</ItemType><ItemName>משחת שינים טום וגרי</ItemName><ManufacturerName>טום אנד גרי</ManufacturerName><ManufactureCountry>ישראל</ManufactureCountry><ManufacturerItemDescription>משחת שינים טום וגרי</ManufacturerItemDescription><SoldByWeight/><Quantity>1.00</Quantity><UnitOfMeasure>יח'</UnitOfMeasure><QtyInPackage>לא ידוע</QtyInPackage><UnitOfMeasurePrice>9.9000</UnitOfMeasurePrice><AllowDiscount>1</AllowDiscount><ItemStatus>1</ItemStatus><ItemPrice>9.90</ItemPrice></item><item><PriceUpdateDate>2015-11-02 17:19:03</PriceUpdateDate><ItemCode>7290000416977</ItemCode><ItemType>1</ItemType><ItemName>נקטר נקטר פריגת מנגו</ItemName><ManufacturerName>פריגת</ManufacturerName><ManufactureCountry>ישראל</ManufactureCountry><ManufacturerItemDescription>נקטר מנגו1 ל.קרטון</ManufacturerItemDescription><SoldByWeight/><Quantity>1000.00</Quantity><UnitOfMeasure>מ"ל</UnitOfMeasure><QtyInPackage>לא ידוע</QtyInPackage><UnitOfMeasurePrice>0.0076</UnitOfMeasurePrice><AllowDiscount>1</AllowDiscount><ItemStatus>1</ItemStatus><ItemPrice>7.60</ItemPrice></item><item><PriceUpdateDate>2015-11-02 17:19:03</PriceUpdateDate><ItemCode>7290000416991</ItemCode><ItemType>1</ItemType><ItemName>נקטר נקטר פריגת תפוח</ItemName><ManufacturerName>פריגת</ManufacturerName><ManufactureCountry>ישראל</ManufactureCountry><ManufacturerItemDescription>נקטר תפוחי עץ1 ל.קרט</ManufacturerItemDescription><SoldByWeight/><Quantity>1000.00</Quantity><UnitOfMeasure>מ"ל</UnitOfMeasure><QtyInPackage>לא ידוע</QtyInPackage><UnitOfMeasurePrice>0.0076</UnitOfMeasurePrice><AllowDiscount>1</AllowDiscount><ItemStatus>1</ItemStatus><ItemPrice>7.60</ItemPrice></item><item><PriceUpdateDate>2016-04-01 07:33:09</PriceUpdateDate><ItemCode>7290000417011</ItemCode><ItemType>1</ItemType><ItemName>מב מיץ פריגת סחוט תפ</ItemName><ManufacturerName>פריגת</ManufacturerName><ManufactureCountry>ישראל</ManufactureCountry><ManufacturerItemDescription>מיץ סחוט תפוזים2 ל</ManufacturerItemDescription><SoldByWeight/><Quantity>2000.00</Quantity><UnitOfMeasure>מ"ל</UnitOfMeasure><QtyInPackage>לא ידוע</QtyInPackage><UnitOfMeasurePrice>0.0109</UnitOfMeasurePrice><AllowDiscount>1</AllowDiscount><ItemStatus>1</ItemStatus><ItemPrice>21.90</ItemPrice></item><item><PriceUpdateDate>2015-11-02 17:19:04</PriceUpdateDate><ItemCode>7290000417073</ItemCode><ItemType>1</ItemType><ItemName>גת שקד קלוי שקית 200</ItemName><ManufacturerName>ליימן חטיבת המותגים</ManufacturerName><ManufactureCountry>ישראל</ManufactureCountry><ManufacturerItemDescription>שקדים קלויים 200 גרם</ManufacturerItemDescription><SoldByWeight/><Quantity>200.00</Quantity><UnitOfMeasure>גרם     </UnitOfMeasure><QtyInPackage>לא ידוע</QtyInPackage><UnitOfMeasurePrice>0.1135</UnitOfMeasurePrice><AllowDiscount>1</AllowDiscount><ItemStatus>1</ItemStatus><ItemPrice>22.70</ItemPrice></item><item><PriceUpdateDate>2016-05-01 10:18:25</PriceUpdateDate><ItemCode>7290000417363</ItemCode><ItemType>1</ItemType><ItemName>מב פסטרמה רומנית עם</ItemName><ManufacturerName>עוף טוב</ManufacturerName><ManufactureCountry>ישראל</ManufactureCountry><ManufacturerItemDescription>מב פסטרמה רומנית עם</ManufacturerItemDescription><SoldByWeight/><Quantity>300.00</Quantity><UnitOfMeasure>גרם     </UnitOfMeasure><QtyInPackage>לא ידוע</QtyInPackage><UnitOfMeasurePrice>0.0663</UnitOfMeasurePrice><AllowDiscount>1</AllowDiscount><ItemStatus>1</ItemStatus><ItemPrice>19.90</ItemPrice></item><item><PriceUpdateDate>2014-12-01 06:27:35</PriceUpdateDate><ItemCode>7290000417417</ItemCode><ItemType>1</ItemType><ItemName>מקלוני קבנוס 260 גרם</ItemName><ManufacturerName>עוף טוב</ManufacturerName><ManufactureCountry>ישראל</ManufactureCountry><ManufacturerItemDescription>מקלוני קבנוס יח</ManufacturerItemDescription><SoldByWeight/><Quantity>0.00</Quantity><UnitOfMeasure>יח'</UnitOfMeasure><QtyInPackage>לא ידוע</QtyInPackage><UnitOfMeasurePrice>0.0000</UnitOfMeasurePrice><AllowDiscount>1</AllowDiscount><ItemStatus>1</ItemStatus><ItemPrice>21.80</ItemPrice></item><item><PriceUpdateDate>2015-11-13 10:56:44</PriceUpdateDate><ItemCode>7290000417554</ItemCode><ItemType>1</ItemType><ItemName>מחמאה גביע 250 גרם</ItemName><ManufacturerName>מחמאה</ManufacturerName><ManufactureCountry>ישראל</ManufactureCountry><ManufacturerItemDescription>מחמאה גביע 250 גרם</ManufacturerItemDescription><SoldByWeight/><Quantity>250.00</Quantity><UnitOfMeasure>גרם     </UnitOfMeasure><QtyInPackage>לא ידוע</QtyInPackage><UnitOfMeasurePrice>0.0352</UnitOfMeasurePrice><AllowDiscount>1</AllowDiscount><ItemStatus>1</ItemStatus><ItemPrice>8.80</ItemPrice></item><item><PriceUpdateDate>2015-09-30 23:47:36</PriceUpdateDate><ItemCode>7290000417622</ItemCode><ItemType>1</ItemType><ItemName>שוקולד פרה חלב 100 ג</ItemName><ManufacturerName>פרה</ManufacturerName><ManufactureCountry>ישראל</ManufactureCountry><ManufacturerItemDescription>שוקולד פרה חלב שטוח 100 ג</ManufacturerItemDescription><SoldByWeight/><Quantity>100.00</Quantity><UnitOfMeasure>גרם     </UnitOfMeasure><QtyInPackage>לא ידוע</QtyInPackage><UnitOfMeasurePrice>0.0590</UnitOfMeasurePrice><AllowDiscount>0</AllowDiscount><ItemStatus>1</ItemStatus><ItemPrice>5.90</ItemPrice></item><item><PriceUpdateDate>2015-09-30 23:47:36</PriceUpdateDate><ItemCode>7290000417639</ItemCode><ItemType>1</ItemType><ItemName>שוקולד פרה מריר 100</ItemName><ManufacturerName>פרה</ManufacturerName><ManufactureCountry>ישראל</ManufactureCountry><ManufacturerItemDescription>שוקולד פרה מריר שטוח 100</ManufacturerItemDescription><SoldByWeight/><Quantity>100.00</Quantity><UnitOfMeasure>גרם     </UnitOfMeasure><QtyInPackage>לא ידוע</QtyInPackage><UnitOfMeasurePrice>0.0590</UnitOfMeasurePrice><AllowDiscount>0</AllowDiscount><ItemStatus>1</ItemStatus><ItemPrice>5.90</ItemPrice></item><item><PriceUpdateDate>2016-02-17 06:20:57</PriceUpdateDate><ItemCode>7290000417653</ItemCode><ItemType>1</ItemType><ItemName>שוקולד פרה קרם נוגט</ItemName><ManufacturerName>פרה</ManufacturerName><ManufactureCountry>ישראל</ManufactureCountry><ManufacturerItemDescription>שוקולד פרה קרם נוגט 100 ג</ManufacturerItemDescription><SoldByWeight/><Quantity>100.00</Quantity><UnitOfMeasure>גרם     </UnitOfMeasure><QtyInPackage>לא ידוע</QtyInPackage><UnitOfMeasurePrice>0.0690</UnitOfMeasurePrice><AllowDiscount>0</AllowDiscount><ItemStatus>1</ItemStatus><ItemPrice>6.90</ItemPrice></item><item><PriceUpdateDate>2016-03-16 14:00:25</PriceUpdateDate><ItemCode>7290000417738</ItemCode><ItemType>1</ItemType><ItemName>אבקת שוקולית 500 גרם</ItemName><ManufacturerName>שוקולית</ManufacturerName><ManufactureCountry>ישראל</ManufactureCountry><ManufacturerItemDescription>שוקולית עלית 500 גרם</ManufacturerItemDescription><SoldByWeight/><Quantity>500.00</Quantity><UnitOfMeasure>גרם     </UnitOfMeasure><QtyInPackage>לא ידוע</QtyInPackage><UnitOfMeasurePrice>0.0278</UnitOfMeasurePrice><AllowDiscount>1</AllowDiscount><ItemStatus>1</ItemStatus><ItemPrice>13.90</ItemPrice></item><item><PriceUpdateDate>2016-05-01 12:01:12</PriceUpdateDate><ItemCode>7290000417752</ItemCode><ItemType>1</ItemType><ItemName>ממרחית שוקולד עלית 5</ItemName><ManufacturerName>פרה</ManufacturerName><ManufactureCountry>ישראל</ManufactureCountry><ManufacturerItemDescription>ממרחית 500 גר</ManufacturerItemDescription><SoldByWeight/><Quantity>500.00</Quantity><UnitOfMeasure>גרם     </UnitOfMeasure><QtyInPackage>לא ידוע</QtyInPackage><UnitOfMeasurePrice>0.0278</UnitOfMeasurePrice><AllowDiscount>1</AllowDiscount><ItemStatus>1</ItemStatus><ItemPrice>13.90</ItemPrice></item><item><PriceUpdateDate>2016-03-16 14:00:25</PriceUpdateDate><ItemCode>7290000417776</ItemCode><ItemType>1</ItemType><ItemName>קפה טורקי עלית בשקית</ItemName><ManufacturerName>עלית</ManufacturerName><ManufactureCountry>ישראל</ManufactureCountry><ManufacturerItemDescription>קפה טורקי בצלופן 100 גרם</ManufacturerItemDescription><SoldByWeight/><Quantity>100.00</Quantity><UnitOfMeasure>גרם     </UnitOfMeasure><QtyInPackage>לא ידוע</QtyInPackage><UnitOfMeasurePrice>0.0880</UnitOfMeasurePrice><AllowDiscount>0</AllowDiscount><ItemStatus>1</ItemStatus><ItemPrice>8.80</ItemPrice></item><item><PriceUpdateDate>2016-05-01 12:01:12</PriceUpdateDate><ItemCode>7290000417783</ItemCode><ItemType>1</ItemType><ItemName>קפה טורקי עלית עם הל</ItemName><ManufacturerName>טורקי עלית</ManufacturerName><ManufactureCountry>ישראל</ManufactureCountry><ManufacturerItemDescription>קפה עם הל 100 גר</ManufacturerItemDescription><SoldByWeight/><Quantity>100.00</Quantity><UnitOfMeasure>גרם     </UnitOfMeasure><QtyInPackage>לא ידוע</QtyInPackage><UnitOfMeasurePrice>0.0990</UnitOfMeasurePrice><AllowDiscount>1</AllowDiscount><ItemStatus>1</ItemStatus><ItemPrice>9.90</ItemPrice></item><item><PriceUpdateDate>2015-11-02 17:19:04</PriceUpdateDate><ItemCode>7290000417844</ItemCode><ItemType>1</ItemType><ItemName>קפה נמס עלית 50 גרם</ItemName><ManufacturerName>עלית נמס</ManufacturerName><ManufactureCountry>ישראל</ManufactureCountry><ManufacturerItemDescription>קפה נמס עלית 50 גר</ManufacturerItemDescription><SoldByWeight/><Quantity>14.00</Quantity><UnitOfMeasure>גרם     </UnitOfMeasure><QtyInPackage>לא ידוע</QtyInPackage><UnitOfMeasurePrice>0.8429</UnitOfMeasurePrice><AllowDiscount>0</AllowDiscount><ItemStatus>1</ItemStatus><ItemPrice>11.80</ItemPrice></item><item><PriceUpdateDate>2016-03-16 14:00:56</PriceUpdateDate><ItemCode>7290000417851</ItemCode><ItemType>1</ItemType><ItemName>קפה נמס עלית 200 גרם</ItemName><ManufacturerName>עלית נמס</ManufacturerName><ManufactureCountry>ישראל</ManufactureCountry><ManufacturerItemDescription>קפה נמס עלית פחית 200 גר</ManufacturerItemDescription><SoldByWeight/><Quantity>200.00</Quantity><UnitOfMeasure>גרם     </UnitOfMeasure><QtyInPackage>לא ידוע</QtyInPackage><UnitOfMeasurePrice>0.0995</UnitOfMeasurePrice><AllowDiscount>1</AllowDiscount><ItemStatus>1</ItemStatus><ItemPrice>19.90</ItemPrice></item><item><PriceUpdateDate>2015-09-30 23:47:36</PriceUpdateDate><ItemCode>7290000417899</ItemCode><ItemType>1</ItemType><ItemName>שוקולד פרה לבן 100 ג</ItemName><ManufacturerName>פרה</ManufacturerName><ManufactureCountry>ישראל</ManufactureCountry><ManufacturerItemDescription>שוקולד פרה לבן 100 גר</ManufacturerItemDescription><SoldByWeight/><Quantity>100.00</Quantity><UnitOfMeasure>גרם     </UnitOfMeasure><QtyInPackage>לא ידוע</QtyInPackage><UnitOfMeasurePrice>0.0590</UnitOfMeasurePrice><AllowDiscount>0</AllowDiscount><ItemStatus>1</ItemStatus><ItemPrice>5.90</ItemPrice></item><item><PriceUpdateDate>2016-03-16 14:00:25</PriceUpdateDate><ItemCode>7290000417905</ItemCode><ItemType>1</ItemType><ItemName>קפה טורקי עלית בואקו</ItemName><ManufacturerName>עלית</ManufacturerName><ManufactureCountry>ישראל</ManufactureCountry><ManufacturerItemDescription>קפה טורקי קלוי טחוןבואקום</ManufacturerItemDescription><SoldByWeight/><Quantity>200.00</Quantity><UnitOfMeasure>גרם     </UnitOfMeasure><QtyInPackage>לא ידוע</QtyInPackage><UnitOfMeasurePrice>0.0895</UnitOfMeasurePrice><AllowDiscount>1</AllowDiscount><ItemStatus>1</ItemStatus><ItemPrice>17.90</ItemPrice></item><item><PriceUpdateDate>2015-09-30 23:47:36</PriceUpdateDate><ItemCode>7290000417943</ItemCode><ItemType>1</ItemType><ItemName>חטיף תפוציפס טבעי 50</ItemName><ManufacturerName>תפוציפס</ManufacturerName><ManufactureCountry>ישראל</ManufactureCountry><ManufacturerItemDescription>תפוציפס מלוח 50 גר</ManufacturerItemDescription><SoldByWeight/><Quantity>14.00</Quantity><UnitOfMeasure>גרם     </UnitOfMeasure><QtyInPackage>לא ידוע</QtyInPackage><UnitOfMeasurePrice>0.2786</UnitOfMeasurePrice><AllowDiscount>1</AllowDiscount><ItemStatus>1</ItemStatus><ItemPrice>3.90</ItemPrice></item><item><PriceUpdateDate>2016-03-21 10:50:34</PriceUpdateDate><ItemCode>7290000417974</ItemCode><ItemType>1</ItemType><ItemName>מסטיק בזוקה 30 יח' ב</ItemName><ManufacturerName>בזוקה</ManufacturerName><ManufactureCountry>ישראל</ManufactureCountry><ManufacturerItemDescription>מסטיק בזוקה 1/30 בשקית 18</ManufacturerItemDescription><SoldByWeight/><Quantity>30.00</Quantity><UnitOfMeasure>יח'</UnitOfMeasure><QtyInPackage>לא ידוע</QtyInPackage><UnitOfMeasurePrice>0.2967</UnitOfMeasurePrice><AllowDiscount>1</AllowDiscount><ItemStatus>1</ItemStatus><ItemPrice>8.90</ItemPrice></item><item><PriceUpdateDate>2016-02-17 06:20:58</PriceUpdateDate><ItemCode>7290000417981</ItemCode><ItemType>1</ItemType><ItemName>שוקולד פרה עם שברי א</ItemName><ManufacturerName>פרה</ManufacturerName><ManufactureCountry>ישראל</ManufactureCountry><ManufacturerItemDescription>שוקולד פרה מריר אגוזים100</ManufacturerItemDescription><SoldByWeight/><Quantity>100.00</Quantity><UnitOfMeasure>גרם     </UnitOfMeasure><QtyInPackage>לא ידוע</QtyInPackage><UnitOfMeasurePrice>0.0690</UnitOfMeasurePrice><AllowDiscount>0</AllowDiscount><ItemStatus>1</ItemStatus><ItemPrice>6.90</ItemPrice></item><item><PriceUpdateDate>2016-03-16 14:00:25</PriceUpdateDate><ItemCode>7290000418087</ItemCode><ItemType>1</ItemType><ItemName>נ.טואלט לילי קלאסיק</ItemName><ManufacturerName>לילי</ManufacturerName><ManufactureCountry>ישראל</ManufactureCountry><ManufacturerItemDescription>נייר טואלט לילי לבן 32 יח</ManufacturerItemDescription><SoldByWeight/><Quantity>589.00</Quantity><UnitOfMeasure>מטר</UnitOfMeasure><QtyInPackage>לא ידוע</QtyInPackage><UnitOfMeasurePrice>0.0677</UnitOfMeasurePrice><AllowDiscount>1</AllowDiscount><ItemStatus>1</ItemStatus><ItemPrice>39.90</ItemPrice></item><item><PriceUpdateDate>2016-05-01 12:01:13</PriceUpdateDate><ItemCode>7290000418094</ItemCode><ItemType>1</ItemType><ItemName>מב נייר טואלט לילי פ</ItemName><ManufacturerName>לילי</ManufacturerName><ManufactureCountry>ישראל</ManufactureCountry><ManufacturerItemDescription>נייר טואלט לילי פסטל</ManufacturerItemDescription><SoldByWeight/><Quantity>589.00</Quantity><UnitOfMeasure>מטר</UnitOfMeasure><QtyInPackage>לא ידוע</QtyInPackage><UnitOfMeasurePrice>0.0593</UnitOfMeasurePrice><AllowDiscount>1</AllowDiscount><ItemStatus>1</ItemStatus><ItemPrice>34.90</ItemPrice></item><item><PriceUpdateDate>2016-05-01 12:01:13</PriceUpdateDate><ItemCode>7290000418186</ItemCode><ItemType>1</ItemType><ItemName>מגבת נייר ניקול 12 י</ItemName><ManufacturerName>ניקול</ManufacturerName><ManufactureCountry>ישראל</ManufactureCountry><ManufacturerItemDescription>מגבת נייר ניקול 12 י</ManufacturerItemDescription><SoldByWeight/><Quantity>130.00</Quantity><UnitOfMeasure>מטר</UnitOfMeasure><QtyInPackage>לא ידוע</QtyInPackage><UnitOfMeasurePrice>0.1646</UnitOfMeasurePrice><AllowDiscount>1</AllowDiscount><ItemStatus>1</ItemStatus><ItemPrice>21.40</ItemPrice></item><item><PriceUpdateDate>2016-05-01 12:01:13</PriceUpdateDate><ItemCode>7290000418247</ItemCode><ItemType>1</ItemType><ItemName>מטלית הקסם לשיש ניקו</ItemName><ManufacturerName>ניקול</ManufacturerName><ManufactureCountry>סין</ManufactureCountry><ManufacturerItemDescription>דאודורנט        ורט50גרם</ManufacturerItemDescription><SoldByWeight/><Quantity>0.00</Quantity><UnitOfMeasure>יח'</UnitOfMeasure><QtyInPackage>לא ידוע</QtyInPackage><UnitOfMeasurePrice>0.0000</UnitOfMeasurePrice><AllowDiscount>1</AllowDiscount><ItemStatus>1</ItemStatus><ItemPrice>12.50</ItemPrice></item><item><PriceUpdateDate>2015-10-27 06:51:18</PriceUpdateDate><ItemCode>7290000418339</ItemCode><ItemType>1</ItemType><ItemName>תבניות אפייה חד פעמי</ItemName><ManufacturerName>ניקול</ManufacturerName><ManufactureCountry>ישראל</ManufactureCountry><ManufacturerItemDescription>תבניות אפייה חד פעמי</ManufacturerItemDescription><SoldByWeight/><Quantity>3.00</Quantity><UnitOfMeasure>בודד</UnitOfMeasure><QtyInPackage>לא ידוע</QtyInPackage><UnitOfMeasurePrice>4.1333</UnitOfMeasurePrice><AllowDiscount>1</AllowDiscount><ItemStatus>1</ItemStatus><ItemPrice>12.40</ItemPrice></item><item><PriceUpdateDate>2016-02-11 10:38:17</PriceUpdateDate><ItemCode>7290000418407</ItemCode><ItemType>1</ItemType><ItemName>מב מטליות לחות חד"פ</ItemName><ManufacturerName>ניקול</ManufacturerName><ManufactureCountry>ישראל</ManufactureCountry><ManufacturerItemDescription>מגבוני ניקול לניקוי כללי5</ManufacturerItemDescription><SoldByWeight/><Quantity>50.00</Quantity><UnitOfMeasure>יח'</UnitOfMeasure><QtyInPackage>לא ידוע</QtyInPackage><UnitOfMeasurePrice>0.1980</UnitOfMeasurePrice><AllowDiscount>1</AllowDiscount><ItemStatus>1</ItemStatus><ItemPrice>9.90</ItemPrice></item><item><PriceUpdateDate>2015-11-13 08:48:42</PriceUpdateDate><ItemCode>7290000418568</ItemCode><ItemType>1</ItemType><ItemName>מפיות דו שכבתי 50 מו</ItemName><ManufacturerName>ניקול</ManufacturerName><ManufactureCountry>ישראל</ManufactureCountry><ManufacturerItemDescription>מפיות דו שכבתי 50 מו</ManufacturerItemDescription><SoldByWeight/><Quantity>0.00</Quantity><UnitOfMeasure>יח'</UnitOfMeasure><QtyInPackage>לא ידוע</QtyInPackage><UnitOfMeasurePrice>0.0000</UnitOfMeasurePrice><AllowDiscount>1</AllowDiscount><ItemStatus>1</ItemStatus><ItemPrice>9.30</ItemPrice></item><item><PriceUpdateDate>2016-03-01 07:12:48</PriceUpdateDate><ItemCode>7290000418582</ItemCode><ItemType>1</ItemType><ItemName>מב זוג מפיות מודפסות</ItemName><ManufacturerName>ניקול</ManufacturerName><ManufactureCountry>ישראל</ManufactureCountry><ManufacturerItemDescription>מב זוג מפיות מודפסות</ManufacturerItemDescription><SoldByWeight/><Quantity>170.00</Quantity><UnitOfMeasure>יח'</UnitOfMeasure><QtyInPackage>לא ידוע</QtyInPackage><UnitOfMeasurePrice>0.0582</UnitOfMeasurePrice><AllowDiscount>1</AllowDiscount><ItemStatus>1</ItemStatus><ItemPrice>9.90</ItemPrice></item><item><PriceUpdateDate>2016-03-16 14:00:56</PriceUpdateDate><ItemCode>7290000418643</ItemCode><ItemType>1</ItemType><ItemName>נייר טישו לילי צבעונ</ItemName><ManufacturerName>לילי</ManufacturerName><ManufactureCountry>ישראל</ManufactureCountry><ManufacturerItemDescription>נייר טישו לילי צבעונ</ManufacturerItemDescription><SoldByWeight/><Quantity>5.00</Quantity><UnitOfMeasure>חב'</UnitOfMeasure><QtyInPackage>לא ידוע</QtyInPackage><UnitOfMeasurePrice>2.9800</UnitOfMeasurePrice><AllowDiscount>1</AllowDiscount><ItemStatus>1</ItemStatus><ItemPrice>14.90</ItemPrice></item><item><PriceUpdateDate>2016-05-01 10:18:28</PriceUpdateDate><ItemCode>7290000419312</ItemCode><ItemType>1</ItemType><ItemName>מב אשפתון ניקול 50 י</ItemName><ManufacturerName>ניקול</ManufacturerName><ManufactureCountry>ישראל</ManufactureCountry><ManufacturerItemDescription>אשפתון ענק 50 75*90 יחידו</ManufacturerItemDescription><SoldByWeight/><Quantity>50.00</Quantity><UnitOfMeasure>בודד</UnitOfMeasure><QtyInPackage>לא ידוע</QtyInPackage><UnitOfMeasurePrice>0.4380</UnitOfMeasurePrice><AllowDiscount>1</AllowDiscount><ItemStatus>1</ItemStatus><ItemPrice>21.90</ItemPrice></item><item><PriceUpdateDate>2016-02-02 05:49:48</PriceUpdateDate><ItemCode>7290000419381</ItemCode><ItemType>1</ItemType><ItemName>תבניות אפייה חד פעמי</ItemName><ManufacturerName>ניקול</ManufacturerName><ManufactureCountry>ישראל</ManufactureCountry><ManufacturerItemDescription>תבנית אלומיניום קטן 4 יח</ManufacturerItemDescription><SoldByWeight/><Quantity>4.00</Quantity><UnitOfMeasure>יח'</UnitOfMeasure><QtyInPackage>לא ידוע</QtyInPackage><UnitOfMeasurePrice>3.1250</UnitOfMeasurePrice><AllowDiscount>1</AllowDiscount><ItemStatus>1</ItemStatus><ItemPrice>12.50</ItemPrice></item><item><PriceUpdateDate>2016-05-01 12:01:14</PriceUpdateDate><ItemCode>7290000419688</ItemCode><ItemType>1</ItemType><ItemName>עלי בלינצ'ס חביתיות</ItemName><ManufacturerName>מעדנות</ManufacturerName><ManufactureCountry>ישראל</ManufactureCountry><ManufacturerItemDescription>עלי בלינצ'ס חביתיות</ManufacturerItemDescription><SoldByWeight/><Quantity>700.00</Quantity><UnitOfMeasure>גרם     </UnitOfMeasure><QtyInPackage>לא ידוע</QtyInPackage><UnitOfMeasurePrice>0.0417</UnitOfMeasurePrice><AllowDiscount>1</AllowDiscount><ItemStatus>1</ItemStatus><ItemPrice>29.20</ItemPrice></item><item><PriceUpdateDate>2015-11-12 07:10:49</PriceUpdateDate><ItemCode>7290000419909</ItemCode><ItemType>1</ItemType><ItemName>קפה לנדוור אספרסו טח</ItemName><ManufacturerName>לנדוור</ManufacturerName><ManufactureCountry>ישראל</ManufactureCountry><ManufacturerItemDescription>קפה לנדוור אספרסו טח</ManufacturerItemDescription><SoldByWeight/><Quantity>100.00</Quantity><UnitOfMeasure>גרם     </UnitOfMeasure><QtyInPackage>לא ידוע</QtyInPackage><UnitOfMeasurePrice>0.0910</UnitOfMeasurePrice><AllowDiscount>1</AllowDiscount><ItemStatus>1</ItemStatus><ItemPrice>9.10</ItemPrice></item><item><PriceUpdateDate>2016-05-01 10:18:29</PriceUpdateDate><ItemCode>7290000419961</ItemCode><ItemType>1</ItemType><ItemName>ג'ל כביסה פרסיל קולו</ItemName><ManufacturerName>פרסיל</ManufacturerName><ManufactureCountry>ישראל</ManufactureCountry><ManufacturerItemDescription>ג'ל כביסה פרסיל קולו</ManufacturerItemDescription><SoldByWeight/><Quantity>3000.00</Quantity><UnitOfMeasure>מ"ל</UnitOfMeasure><QtyInPackage>לא ידוע</QtyInPackage><UnitOfMeasurePrice>0.0110</UnitOfMeasurePrice><AllowDiscount>1</AllowDiscount><ItemStatus>1</ItemStatus><ItemPrice>32.90</ItemPrice></item><item><PriceUpdateDate>2016-02-08 10:36:23</PriceUpdateDate><ItemCode>7290000420127</ItemCode><ItemType>1</ItemType><ItemName>מרכך כביסה סוד ורוד</ItemName><ManufacturerName>סוד</ManufacturerName><ManufactureCountry>ישראל</ManufactureCountry><ManufacturerItemDescription>מרכך כביסה סוד ורוד</ManufacturerItemDescription><SoldByWeight/><Quantity>4000.00</Quantity><UnitOfMeasure>מ"ל</UnitOfMeasure><QtyInPackage>לא ידוע</QtyInPackage><UnitOfMeasurePrice>0.0050</UnitOfMeasurePrice><AllowDiscount>1</AllowDiscount><ItemStatus>1</ItemStatus><ItemPrice>19.90</ItemPrice></item><item><PriceUpdateDate>2016-01-04 21:29:40</PriceUpdateDate><ItemCode>7290000420172</ItemCode><ItemType>1</ItemType><ItemName>מב נייר טואלט מולט 3</ItemName><ManufacturerName>מולט</ManufacturerName><ManufactureCountry>ישראל</ManufactureCountry><ManufacturerItemDescription>נ.ט.מולט לבבות 32 יחידות</ManufacturerItemDescription><SoldByWeight/><Quantity>0.00</Quantity><UnitOfMeasure>יח'</UnitOfMeasure><QtyInPackage>לא ידוע</QtyInPackage><UnitOfMeasurePrice>0.0000</UnitOfMeasurePrice><AllowDiscount>1</AllowDiscount><ItemStatus>1</ItemStatus><ItemPrice>29.90</ItemPrice></item><item><PriceUpdateDate>2016-05-01 10:24:16</PriceUpdateDate><ItemCode>7290000420325</ItemCode><ItemType>1</ItemType><ItemName>מב פופקורן למיקרו 50</ItemName><ManufacturerName>פופ סטאר</ManufacturerName><ManufactureCountry>ארצות הברית</ManufactureCountry><ManufacturerItemDescription>מרכך בדין אקסטרא הדבש960</ManufacturerItemDescription><SoldByWeight/><Quantity>500.00</Quantity><UnitOfMeasure>גרם     </UnitOfMeasure><QtyInPackage>לא ידוע</QtyInPackage><UnitOfMeasurePrice>0.0298</UnitOfMeasurePrice><AllowDiscount>1</AllowDiscount><ItemStatus>1</ItemStatus><ItemPrice>14.90</ItemPrice></item><item><PriceUpdateDate>2016-01-05 05:44:58</PriceUpdateDate><ItemCode>7290000420417</ItemCode><ItemType>1</ItemType><ItemName>גלילונית 52*65 60 יח</ItemName><ManufacturerName>גלילונית</ManufacturerName><ManufactureCountry>ישראל</ManufactureCountry><ManufacturerItemDescription>גלילונית 52*65 60 יח</ManufacturerItemDescription><SoldByWeight/><Quantity>60.00</Quantity><UnitOfMeasure>בודד</UnitOfMeasure><QtyInPackage>לא ידוע</QtyInPackage><UnitOfMeasurePrice>0.3317</UnitOfMeasurePrice><AllowDiscount>1</AllowDiscount><ItemStatus>1</ItemStatus><ItemPrice>19.90</ItemPrice></item><item><PriceUpdateDate>2015-09-30 23:47:36</PriceUpdateDate><ItemCode>7290000420554</ItemCode><ItemType>1</ItemType><ItemName>מיץ לימון טבעי עסיס</ItemName><ManufacturerName>עסיס</ManufacturerName><ManufactureCountry>ישראל</ManufactureCountry><ManufacturerItemDescription>מיץ לימון טבעי עסיס</ManufacturerItemDescription><SoldByWeight/><Quantity>1000.00</Quantity><UnitOfMeasure>מ"ל</UnitOfMeasure><QtyInPackage>לא ידוע</QtyInPackage><UnitOfMeasurePrice>0.0117</UnitOfMeasurePrice><AllowDiscount>1</AllowDiscount><ItemStatus>1</ItemStatus><ItemPrice>11.70</ItemPrice></item><item><PriceUpdateDate>2016-03-16 14:00:25</PriceUpdateDate><ItemCode>7290000420561</ItemCode><ItemType>1</ItemType><ItemName>חומץ עסיס 1 ליטר</ItemName><ManufacturerName>עסיס</ManufacturerName><ManufactureCountry>ישראל</ManufactureCountry><ManufacturerItemDescription>חומץ עסיס 1 ליטר</ManufacturerItemDescription><SoldByWeight/><Quantity>1000.00</Quantity><UnitOfMeasure>מ"ל</UnitOfMeasure><QtyInPackage>לא ידוע</QtyInPackage><UnitOfMeasurePrice>0.0069</UnitOfMeasurePrice><AllowDiscount>1</AllowDiscount><ItemStatus>1</ItemStatus><ItemPrice>6.90</ItemPrice></item><item><PriceUpdateDate>2015-09-30 23:47:36</PriceUpdateDate><ItemCode>7290000420578</ItemCode><ItemType>1</ItemType><ItemName>קוקה קולה 1.5 ליטר</ItemName><ManufacturerName>קוקה קולה</ManufacturerName><ManufactureCountry>ישראל</ManufactureCountry><ManufacturerItemDescription>קוקה קולה 1.5 ליטר</ManufacturerItemDescription><SoldByWeight/><Quantity>1500.00</Quantity><UnitOfMeasure>מ"ל</UnitOfMeasure><QtyInPackage>לא ידוע</QtyInPackage><UnitOfMeasurePrice>0.0043</UnitOfMeasurePrice><AllowDiscount>1</AllowDiscount><ItemStatus>1</ItemStatus><ItemPrice>6.40</ItemPrice></item><item><PriceUpdateDate>2015-11-15 20:32:41</PriceUpdateDate><ItemCode>7290000420585</ItemCode><ItemType>1</ItemType><ItemName>קינלי סודה 1.5 ליטר</ItemName><ManufacturerName>קינלי</ManufacturerName><ManufactureCountry>ישראל</ManufactureCountry><ManufacturerItemDescription>סודה קינלי 1.5 ליטר</ManufacturerItemDescription><SoldByWeight/><Quantity>1500.00</Quantity><UnitOfMeasure>מ"ל</UnitOfMeasure><QtyInPackage>לא ידוע</QtyInPackage><UnitOfMeasurePrice>0.0030</UnitOfMeasurePrice><AllowDiscount>1</AllowDiscount><ItemStatus>1</ItemStatus><ItemPrice>4.50</ItemPrice></item><item><PriceUpdateDate>2016-03-16 13:06:20</PriceUpdateDate><ItemCode>7290000420608</ItemCode><ItemType>1</ItemType><ItemName>קוקה קולה דיאט 1.5 ל</ItemName><ManufacturerName>דיאט קוקה קולה</ManufacturerName><ManufactureCountry>ישראל</ManufactureCountry><ManufacturerItemDescription>קולה דיאט 1.5 ל</ManufacturerItemDescription><SoldByWeight/><Quantity>1500.00</Quantity><UnitOfMeasure>מ"ל</UnitOfMeasure><QtyInPackage>לא ידוע</QtyInPackage><UnitOfMeasurePrice>0.0046</UnitOfMeasurePrice><AllowDiscount>1</AllowDiscount><ItemStatus>1</ItemStatus><ItemPrice>6.90</ItemPrice></item><item><PriceUpdateDate>2016-03-16 13:06:20</PriceUpdateDate><ItemCode>7290000420622</ItemCode><ItemType>1</ItemType><ItemName>קוקה קולה נטול קופאי</ItemName><ManufacturerName>דיאט קולה נטול קופאי</ManufacturerName><ManufactureCountry>ישראל</ManufactureCountry><ManufacturerItemDescription>קולה דיאט נטול קפאין 1.5</ManufacturerItemDescription><SoldByWeight/><Quantity>1500.00</Quantity><UnitOfMeasure>מ"ל</UnitOfMeasure><QtyInPackage>לא ידוע</QtyInPackage><UnitOfMeasurePrice>0.0046</UnitOfMeasurePrice><AllowDiscount>1</AllowDiscount><ItemStatus>1</ItemStatus><ItemPrice>6.90</ItemPrice></item><item><PriceUpdateDate>2016-05-01 12:01:15</PriceUpdateDate><ItemCode>7290000420721</ItemCode><ItemType>1</ItemType><ItemName>שניצל תירס 750 גרם</ItemName><ManufacturerName>טבעול</ManufacturerName><ManufactureCountry>ישראל</ManufactureCountry><ManufacturerItemDescription>שניצל תירס 750 גרם טבעול</ManufacturerItemDescription><SoldByWeight/><Quantity>750.00</Quantity><UnitOfMeasure>גרם     </UnitOfMeasure><QtyInPackage>לא ידוע</QtyInPackage><UnitOfMeasurePrice>0.0372</UnitOfMeasurePrice><AllowDiscount>1</AllowDiscount><ItemStatus>1</ItemStatus><ItemPrice>27.90</ItemPrice></item><item><PriceUpdateDate>2016-05-01 12:01:15</PriceUpdateDate><ItemCode>7290000420738</ItemCode><ItemType>1</ItemType><ItemName>שניצל תרד 750 גרם</ItemName><ManufacturerName>טבעול</ManufacturerName><ManufactureCountry>ישראל</ManufactureCountry><ManufacturerItemDescription>שניצל תרד 750 ג</ManufacturerItemDescription><SoldByWeight/><Quantity>750.00</Quantity><UnitOfMeasure>גרם     </UnitOfMeasure><QtyInPackage>לא ידוע</QtyInPackage><UnitOfMeasurePrice>0.0465</UnitOfMeasurePrice><AllowDiscount>1</AllowDiscount><ItemStatus>1</ItemStatus><ItemPrice>34.90</ItemPrice></item><item><PriceUpdateDate>2016-05-01 12:01:15</PriceUpdateDate><ItemCode>7290000420806</ItemCode><ItemType>1</ItemType><ItemName>כרובית בציפוי פריך 5</ItemName><ManufacturerName>טבעול</ManufacturerName><ManufactureCountry>ישראל</ManufactureCountry><ManufacturerItemDescription>כרובית בציפוי פריך 500 גר</ManufacturerItemDescription><SoldByWeight/><Quantity>500.00</Quantity><UnitOfMeasure>גרם     </UnitOfMeasure><QtyInPackage>לא ידוע</QtyInPackage><UnitOfMeasurePrice>0.0682</UnitOfMeasurePrice><AllowDiscount>1</AllowDiscount><ItemStatus>1</ItemStatus><ItemPrice>34.10</ItemPrice></item><item><PriceUpdateDate>2015-10-14 10:41:04</PriceUpdateDate><ItemCode>7290000421186</ItemCode><ItemType>1</ItemType><ItemName>סודה טמפו 1.5 ליטר</ItemName><ManufacturerName>טמפו</ManufacturerName><ManufactureCountry>ישראל</ManufactureCountry><ManufacturerItemDescription>סודה 1.5 ל</ManufacturerItemDescription><SoldByWeight/><Quantity>1500.00</Quantity><UnitOfMeasure>מ"ל</UnitOfMeasure><QtyInPackage>לא ידוע</QtyInPackage><UnitOfMeasurePrice>0.0035</UnitOfMeasurePrice><AllowDiscount>1</AllowDiscount><ItemStatus>1</ItemStatus><ItemPrice>5.20</ItemPrice></item><item><PriceUpdateDate>2016-05-01 12:01:16</PriceUpdateDate><ItemCode>7290000421230</ItemCode><ItemType>1</ItemType><ItemName>תפוגן מובחר 700 גרם</ItemName><ManufacturerName>תפוגן</ManufacturerName><ManufactureCountry>ישראל</ManufactureCountry><ManufacturerItemDescription>תפוגן מובחר 700 גרם</ManufacturerItemDescription><SoldByWeight/><Quantity>700.00</Quantity><UnitOfMeasure>גרם     </UnitOfMeasure><QtyInPackage>לא ידוע</QtyInPackage><UnitOfMeasurePrice>0.0184</UnitOfMeasurePrice><AllowDiscount>0</AllowDiscount><ItemStatus>1</ItemStatus><ItemPrice>12.90</ItemPrice></item><item><PriceUpdateDate>2015-11-15 20:34:36</PriceUpdateDate><ItemCode>7290000421247</ItemCode><ItemType>1</ItemType><ItemName>תפוגן מארז שלישיה 37</ItemName><ManufacturerName>תפוגן</ManufacturerName><ManufactureCountry>ישראל</ManufactureCountry><ManufacturerItemDescription>מארז ציפס למיקרו שלישייה</ManufacturerItemDescription><SoldByWeight/><Quantity>375.00</Quantity><UnitOfMeasure>גרם     </UnitOfMeasure><QtyInPackage>לא ידוע</QtyInPackage><UnitOfMeasurePrice>0.0499</UnitOfMeasurePrice><AllowDiscount>1</AllowDiscount><ItemStatus>1</ItemStatus><ItemPrice>18.70</ItemPrice></item><item><PriceUpdateDate>2015-11-15 20:34:36</PriceUpdateDate><ItemCode>7290000421353</ItemCode><ItemType>1</ItemType><ItemName>תפוגן אמריקן ציפס 1</ItemName><ManufacturerName>תפוגן</ManufacturerName><ManufactureCountry>ישראל</ManufactureCountry><ManufacturerItemDescription>אמריקן צייפס 750   1-2-3</ManufacturerItemDescription><SoldByWeight/><Quantity>750.00</Quantity><UnitOfMeasure>גרם     </UnitOfMeasure><QtyInPackage>לא ידוע</QtyInPackage><UnitOfMeasurePrice>0.0387</UnitOfMeasurePrice><AllowDiscount>1</AllowDiscount><ItemStatus>1</ItemStatus><ItemPrice>29.00</ItemPrice></item><item><PriceUpdateDate>2015-11-15 20:32:41</PriceUpdateDate><ItemCode>7290000421360</ItemCode><ItemType>1</ItemType><ItemName>תרכיז סיידר טבעי 330</ItemName><ManufacturerName>סיידר</ManufacturerName><ManufactureCountry>ישראל</ManufactureCountry><ManufacturerItemDescription>סיידר תרכיז 330 בקבוק</ManufacturerItemDescription><SoldByWeight/><Quantity>330.00</Quantity><UnitOfMeasure>מ"ל</UnitOfMeasure><QtyInPackage>לא ידוע</QtyInPackage><UnitOfMeasurePrice>0.0388</UnitOfMeasurePrice><AllowDiscount>1</AllowDiscount><ItemStatus>1</ItemStatus><ItemPrice>12.80</ItemPrice></item><item><PriceUpdateDate>2015-11-15 20:34:36</PriceUpdateDate><ItemCode>7290000421445</ItemCode><ItemType>1</ItemType><ItemName>מרכך כביסה בדין בייב</ItemName><ManufacturerName>בדין</ManufacturerName><ManufactureCountry>ישראל</ManufactureCountry><ManufacturerItemDescription>מרכך כביסה בדין בייב</ManufacturerItemDescription><SoldByWeight/><Quantity>2000.00</Quantity><UnitOfMeasure>מ"ל</UnitOfMeasure><QtyInPackage>לא ידוע</QtyInPackage><UnitOfMeasurePrice>0.0113</UnitOfMeasurePrice><AllowDiscount>1</AllowDiscount><ItemStatus>1</ItemStatus><ItemPrice>22.60</ItemPrice></item><item><PriceUpdateDate>2016-05-01 10:18:33</PriceUpdateDate><ItemCode>7290000421650</ItemCode><ItemType>1</ItemType><ItemName>מב סלסולי כתף בקר 12</ItemName><ManufacturerName>טירת צבי</ManufacturerName><ManufactureCountry>ישראל</ManufactureCountry><ManufacturerItemDescription>סלסולי כתף בקר 120 גרם</ManufacturerItemDescription><SoldByWeight/><Quantity>120.00</Quantity><UnitOfMeasure>גרם     </UnitOfMeasure><QtyInPackage>לא ידוע</QtyInPackage><UnitOfMeasurePrice>0.1075</UnitOfMeasurePrice><AllowDiscount>1</AllowDiscount><ItemStatus>1</ItemStatus><ItemPrice>12.90</ItemPrice></item><item><PriceUpdateDate>2016-05-01 10:18:33</PriceUpdateDate><ItemCode>7290000421674</ItemCode><ItemType>1</ItemType><ItemName>מב סלסולי פסטרמה הוד</ItemName><ManufacturerName>טירת צבי</ManufacturerName><ManufactureCountry>ישראל</ManufactureCountry><ManufacturerItemDescription>סלסולי פסטרמה הודו 120 גר</ManufacturerItemDescription><SoldByWeight/><Quantity>120.00</Quantity><UnitOfMeasure>גרם     </UnitOfMeasure><QtyInPackage>לא ידוע</QtyInPackage><UnitOfMeasurePrice>0.1075</UnitOfMeasurePrice><AllowDiscount>1</AllowDiscount><ItemStatus>1</ItemStatus><ItemPrice>12.90</ItemPrice></item><item><PriceUpdateDate>2016-03-29 07:28:05</PriceUpdateDate><ItemCode>7290000421742</ItemCode><ItemType>1</ItemType><ItemName>מב נקניקיות עוף טרי</ItemName><ManufacturerName>טירת צבי</ManufacturerName><ManufactureCountry>ישראל</ManufactureCountry><ManufacturerItemDescription>נקניקיות עוף 400 ג</ManufacturerItemDescription><SoldByWeight/><Quantity>400.00</Quantity><UnitOfMeasure>גרם     </UnitOfMeasure><QtyInPackage>לא ידוע</QtyInPackage><UnitOfMeasurePrice>0.0223</UnitOfMeasurePrice><AllowDiscount>0</AllowDiscount><ItemStatus>1</ItemStatus><ItemPrice>8.90</ItemPrice></item><item><PriceUpdateDate>2016-05-01 10:18:33</PriceUpdateDate><ItemCode>7290000421988</ItemCode><ItemType>1</ItemType><ItemName>מב נקניק צמד כפרי 80</ItemName><ManufacturerName>טירת צבי</ManufacturerName><ManufactureCountry>ישראל</ManufactureCountry><ManufacturerItemDescription>צמד כפרי 800 גר</ManufacturerItemDescription><SoldByWeight/><Quantity>800.00</Quantity><UnitOfMeasure>גרם     </UnitOfMeasure><QtyInPackage>לא ידוע</QtyInPackage><UnitOfMeasurePrice>0.0311</UnitOfMeasurePrice><AllowDiscount>1</AllowDiscount><ItemStatus>1</ItemStatus><ItemPrice>24.90</ItemPrice></item><item><PriceUpdateDate>2015-10-13 11:27:29</PriceUpdateDate><ItemCode>7290000422091</ItemCode><ItemType>1</ItemType><ItemName>דנונה טבעי 3% 200 גר</ItemName><ManufacturerName>דנונה</ManufacturerName><ManufactureCountry>ישראל</ManufactureCountry><ManufacturerItemDescription>דנונה 200 3%- גרם</ManufacturerItemDescription><SoldByWeight/><Quantity>200.00</Quantity><UnitOfMeasure>גרם     </UnitOfMeasure><QtyInPackage>לא ידוע</QtyInPackage><UnitOfMeasurePrice>0.0200</UnitOfMeasurePrice><AllowDiscount>1</AllowDiscount><ItemStatus>1</ItemStatus><ItemPrice>4.00</ItemPrice></item><item><PriceUpdateDate>2016-03-16 14:00:56</PriceUpdateDate><ItemCode>7290000422107</ItemCode><ItemType>1</ItemType><ItemName>דנונה בר עם פצפוצי ש</ItemName><ManufacturerName>דנונה</ManufacturerName><ManufactureCountry>ישראל</ManufactureCountry><ManufacturerItemDescription>דנונה+דגנים שוקולד200 1/2</ManufacturerItemDescription><SoldByWeight/><Quantity>173.00</Quantity><UnitOfMeasure>גרם     </UnitOfMeasure><QtyInPackage>לא ידוע</QtyInPackage><UnitOfMeasurePrice>0.0260</UnitOfMeasurePrice><AllowDiscount>1</AllowDiscount><ItemStatus>1</ItemStatus><ItemPrice>4.50</ItemPrice></item><item><PriceUpdateDate>2015-11-12 07:10:48</PriceUpdateDate><ItemCode>7290000422190</ItemCode><ItemType>1</ItemType><ItemName>קפה לנדוור אספרסו טח</ItemName><ManufacturerName>לנדוור</ManufacturerName><ManufactureCountry>ישראל</ManufactureCountry><ManufacturerItemDescription>קפה לנדוור אספרסו טח</ManufacturerItemDescription><SoldByWeight/><Quantity>100.00</Quantity><UnitOfMeasure>גרם     </UnitOfMeasure><QtyInPackage>לא ידוע</QtyInPackage><UnitOfMeasurePrice>0.0910</UnitOfMeasurePrice><AllowDiscount>1</AllowDiscount><ItemStatus>1</ItemStatus><ItemPrice>9.10</ItemPrice></item><item><PriceUpdateDate>2015-11-02 17:19:05</PriceUpdateDate><ItemCode>7290000422312</ItemCode><ItemType>1</ItemType><ItemName>פפסי קולה 1.5 ליטר</ItemName><ManufacturerName>פפסי</ManufacturerName><ManufactureCountry>ישראל</ManufactureCountry><ManufacturerItemDescription>פפסי קולה 1.5  ל</ManufacturerItemDescription><SoldByWeight/><Quantity>1500.00</Quantity><UnitOfMeasure>מ"ל</UnitOfMeasure><QtyInPackage>לא ידוע</QtyInPackage><UnitOfMeasurePrice>0.0047</UnitOfMeasurePrice><AllowDiscount>0</AllowDiscount><ItemStatus>1</ItemStatus><ItemPrice>7.10</ItemPrice></item><item><PriceUpdateDate>2015-10-14 10:41:04</PriceUpdateDate><ItemCode>7290000422343</ItemCode><ItemType>1</ItemType><ItemName>סבן אפ דיאט 1.5 ליטר</ItemName><ManufacturerName>7 אפ דיאט</ManufacturerName><ManufactureCountry>ישראל</ManufactureCountry><ManufacturerItemDescription>פפסי סבנאפ דיאט 1.5  ל</ManufacturerItemDescription><SoldByWeight/><Quantity>1500.00</Quantity><UnitOfMeasure>מ"ל</UnitOfMeasure><QtyInPackage>לא ידוע</QtyInPackage><UnitOfMeasurePrice>0.0047</UnitOfMeasurePrice><AllowDiscount>1</AllowDiscount><ItemStatus>1</ItemStatus><ItemPrice>7.10</ItemPrice></item><item><PriceUpdateDate>2015-10-14 10:41:04</PriceUpdateDate><ItemCode>7290000422350</ItemCode><ItemType>1</ItemType><ItemName>פפסי מקס 1.5 ליטר</ItemName><ManufacturerName>פפסי מקס</ManufacturerName><ManufactureCountry>ישראל</ManufactureCountry><ManufacturerItemDescription>פפסי קולה מקס 1.5 ללא סוכ</ManufacturerItemDescription><SoldByWeight/><Quantity>1500.00</Quantity><UnitOfMeasure>מ"ל</UnitOfMeasure><QtyInPackage>לא ידוע</QtyInPackage><UnitOfMeasurePrice>0.0047</UnitOfMeasurePrice><AllowDiscount>0</AllowDiscount><ItemStatus>1</ItemStatus><ItemPrice>7.10</ItemPrice></item><item><PriceUpdateDate>2016-05-01 12:01:17</PriceUpdateDate><ItemCode>7290000422442</ItemCode><ItemType>1</ItemType><ItemName>שמרים טריים 50 גרם</ItemName><ManufacturerName>שמרית</ManufacturerName><ManufactureCountry>ישראל</ManufactureCountry><ManufacturerItemDescription>שמרים לחים אינסטנט</ManufacturerItemDescription><SoldByWeight/><Quantity>14.00</Quantity><UnitOfMeasure>גרם     </UnitOfMeasure><QtyInPackage>לא ידוע</QtyInPackage><UnitOfMeasurePrice>0.3643</UnitOfMeasurePrice><AllowDiscount>1</AllowDiscount><ItemStatus>1</ItemStatus><ItemPrice>5.10</ItemPrice></item><item><PriceUpdateDate>2015-11-15 20:34:37</PriceUpdateDate><ItemCode>7290000422664</ItemCode><ItemType>1</ItemType><ItemName>סחוג ירוק זהבי 150 ג</ItemName><ManufacturerName>זהבי הכרם</ManufacturerName><ManufactureCountry>ישראל</ManufactureCountry><ManufacturerItemDescription>סחוג ירוק150 גר</ManufacturerItemDescription><SoldByWeight/><Quantity>150.00</Quantity><UnitOfMeasure>גרם     </UnitOfMeasure><QtyInPackage>לא ידוע</QtyInPackage><UnitOfMeasurePrice>0.0627</UnitOfMeasurePrice><AllowDiscount>1</AllowDiscount><ItemStatus>1</ItemStatus><ItemPrice>9.40</ItemPrice></item><item><PriceUpdateDate>2016-04-26 14:35:44</PriceUpdateDate><ItemCode>7290000422770</ItemCode><ItemType>1</ItemType><ItemName>מלפפון 7-9 במלח 560</ItemName><ManufacturerName>בית השיטה</ManufacturerName><ManufactureCountry>ישראל</ManufactureCountry><ManufacturerItemDescription>מלפפון 7-9 במלח 560</ManufacturerItemDescription><SoldByWeight/><Quantity>560.00</Quantity><UnitOfMeasure>גרם     </UnitOfMeasure><QtyInPackage>לא ידוע</QtyInPackage><UnitOfMeasurePrice>0.0123</UnitOfMeasurePrice><AllowDiscount>1</AllowDiscount><ItemStatus>1</ItemStatus><ItemPrice>6.90</ItemPrice></item><item><PriceUpdateDate>2016-04-26 14:35:44</PriceUpdateDate><ItemCode>7290000422848</ItemCode><ItemType>1</ItemType><ItemName>מלפפון 7-9 בחומץ 560</ItemName><ManufacturerName>בית השיטה</ManufacturerName><ManufactureCountry>ישראל</ManufactureCountry><ManufacturerItemDescription>מלפפון 7-9 בחומץ 560</ManufacturerItemDescription><SoldByWeight/><Quantity>560.00</Quantity><UnitOfMeasure>גרם     </UnitOfMeasure><QtyInPackage>לא ידוע</QtyInPackage><UnitOfMeasurePrice>0.0123</UnitOfMeasurePrice><AllowDiscount>1</AllowDiscount><ItemStatus>1</ItemStatus><ItemPrice>6.90</ItemPrice></item><item><PriceUpdateDate>2016-04-26 14:35:45</PriceUpdateDate><ItemCode>7290000422855</ItemCode><ItemType>1</ItemType><ItemName>מלפפון 12 10חומץ גלע</ItemName><ManufacturerName>אסם</ManufacturerName><ManufactureCountry>ישראל</ManufactureCountry><ManufacturerItemDescription>מלפפון 12 10חומץ גלע</ManufacturerItemDescription><SoldByWeight/><Quantity>290.00</Quantity><UnitOfMeasure>גרם     </UnitOfMeasure><QtyInPackage>לא ידוע</QtyInPackage><UnitOfMeasurePrice>0.0259</UnitOfMeasurePrice><AllowDiscount>1</AllowDiscount><ItemStatus>1</ItemStatus><ItemPrice>7.50</ItemPrice></item><item><PriceUpdateDate>2016-04-26 14:35:45</PriceUpdateDate><ItemCode>7290000422909</ItemCode><ItemType>1</ItemType><ItemName>פלפל חריף 600 גרם</ItemName><ManufacturerName>לא ממותג</ManufacturerName><ManufactureCountry>ישראל</ManufactureCountry><ManufacturerItemDescription>פלפל חריף 600 גרם</ManufacturerItemDescription><SoldByWeight/><Quantity>425.00</Quantity><UnitOfMeasure>גרם     </UnitOfMeasure><QtyInPackage>לא ידוע</QtyInPackage><UnitOfMeasurePrice>0.0191</UnitOfMeasurePrice><AllowDiscount>1</AllowDiscount><ItemStatus>1</ItemStatus><ItemPrice>8.10</ItemPrice></item><item><PriceUpdateDate>2016-02-11 11:10:54</PriceUpdateDate><ItemCode>7290000423081</ItemCode><ItemType>1</ItemType><ItemName>חלב טרה 3% בשקית 1 ל</ItemName><ManufacturerName>טרה</ManufacturerName><ManufactureCountry>ישראל</ManufactureCountry><ManufacturerItemDescription>חלב1 3% ל.שקית מהדרין פיק</ManufacturerItemDescription><SoldByWeight/><Quantity>1000.00</Quantity><UnitOfMeasure>מ"ל</UnitOfMeasure><QtyInPackage>לא ידוע</QtyInPackage><UnitOfMeasurePrice>0.0050</UnitOfMeasurePrice><AllowDiscount>1</AllowDiscount><ItemStatus>1</ItemStatus><ItemPrice>5.00</ItemPrice></item><item><PriceUpdateDate>2016-02-11 11:10:54</PriceUpdateDate><ItemCode>7290000423159</ItemCode><ItemType>1</ItemType><ItemName>שמנת חמוצה 15% 200 מ</ItemName><ManufacturerName>טרה</ManufacturerName><ManufactureCountry>ישראל</ManufactureCountry><ManufacturerItemDescription>שמנת חמוצה 15% 200 מ</ManufacturerItemDescription><SoldByWeight/><Quantity>200.00</Quantity><UnitOfMeasure>מ"ל</UnitOfMeasure><QtyInPackage>לא ידוע</QtyInPackage><UnitOfMeasurePrice>0.0110</UnitOfMeasurePrice><AllowDiscount>1</AllowDiscount><ItemStatus>1</ItemStatus><ItemPrice>2.20</ItemPrice></item><item><PriceUpdateDate>2016-02-11 11:10:54</PriceUpdateDate><ItemCode>7290000423166</ItemCode><ItemType>1</ItemType><ItemName>חמאה 100 גרם טרה</ItemName><ManufacturerName>טרה</ManufacturerName><ManufactureCountry>ישראל</ManufactureCountry><ManufacturerItemDescription>חמאה 100 גרם טרה</ManufacturerItemDescription><SoldByWeight/><Quantity>100.00</Quantity><UnitOfMeasure>גרם     </UnitOfMeasure><QtyInPackage>לא ידוע</QtyInPackage><UnitOfMeasurePrice>0.0380</UnitOfMeasurePrice><AllowDiscount>1</AllowDiscount><ItemStatus>1</ItemStatus><ItemPrice>3.80</ItemPrice></item><item><PriceUpdateDate>2016-02-11 11:10:54</PriceUpdateDate><ItemCode>7290000423180</ItemCode><ItemType>1</ItemType><ItemName>גבינה לבנה 5% טרה מה</ItemName><ManufacturerName>טרה</ManufacturerName><ManufactureCountry>ישראל</ManufactureCountry><ManufacturerItemDescription>גבינה לבנה250 5% גר  פיקו</ManufacturerItemDescription><SoldByWeight/><Quantity>250.00</Quantity><UnitOfMeasure>גרם     </UnitOfMeasure><QtyInPackage>לא ידוע</QtyInPackage><UnitOfMeasurePrice>0.0184</UnitOfMeasurePrice><AllowDiscount>1</AllowDiscount><ItemStatus>1</ItemStatus><ItemPrice>4.60</ItemPrice></item><item><PriceUpdateDate>2015-10-13 11:27:29</PriceUpdateDate><ItemCode>7290000423197</ItemCode><ItemType>1</ItemType><ItemName>גבינה טוב טעם 3% 250</ItemName><ManufacturerName>טוב טעם -גבינה</ManufacturerName><ManufactureCountry>ישראל</ManufactureCountry><ManufacturerItemDescription>גבינה טוב טעם250 3% גר</ManufacturerItemDescription><SoldByWeight/><Quantity>250.00</Quantity><UnitOfMeasure>גרם     </UnitOfMeasure><QtyInPackage>לא ידוע</QtyInPackage><UnitOfMeasurePrice>0.0468</UnitOfMeasurePrice><AllowDiscount>1</AllowDiscount><ItemStatus>1</ItemStatus><ItemPrice>11.70</ItemPrice></item><item><PriceUpdateDate>2015-11-15 20:34:37</PriceUpdateDate><ItemCode>7290000423340</ItemCode><ItemType>1</ItemType><ItemName>סוכרזית פטרייה 300 ט</ItemName><ManufacturerName>סוכרלייט</ManufacturerName><ManufactureCountry>ישראל</ManufactureCountry><ManufacturerItemDescription>ממתיק סוכרזית פיטריה300טב</ManufacturerItemDescription><SoldByWeight/><Quantity>14.00</Quantity><UnitOfMeasure>גרם     </UnitOfMeasure><QtyInPackage>לא ידוע</QtyInPackage><UnitOfMeasurePrice>0.7214</UnitOfMeasurePrice><AllowDiscount>1</AllowDiscount><ItemStatus>1</ItemStatus><ItemPrice>10.10</ItemPrice></item><item><PriceUpdateDate>2016-03-29 07:10:21</PriceUpdateDate><ItemCode>7290000423654</ItemCode><ItemType>1</ItemType><ItemName>מיץ סחוט תפוזים 1 לי</ItemName><ManufacturerName>פרימור</ManufacturerName><ManufactureCountry>ישראל</ManufactureCountry><ManufacturerItemDescription>מיץ סחוט תפוזים 1 ל</ManufacturerItemDescription><SoldByWeight/><Quantity>1000.00</Quantity><UnitOfMeasure>מ"ל</UnitOfMeasure><QtyInPackage>לא ידוע</QtyInPackage><UnitOfMeasurePrice>0.0152</UnitOfMeasurePrice><AllowDiscount>1</AllowDiscount><ItemStatus>1</ItemStatus><ItemPrice>15.20</ItemPrice></item><item><PriceUpdateDate>2016-03-01 07:12:49</PriceUpdateDate><ItemCode>7290000424118</ItemCode><ItemType>1</ItemType><ItemName>מב סטייק בורגר 400 ג</ItemName><ManufacturerName>טיבון ויל</ManufacturerName><ManufactureCountry>ישראל</ManufactureCountry><ManufacturerItemDescription>סטייק בורגר בקר 400 גר</ManufacturerItemDescription><SoldByWeight/><Quantity>400.00</Quantity><UnitOfMeasure>גרם     </UnitOfMeasure><QtyInPackage>לא ידוע</QtyInPackage><UnitOfMeasurePrice>0.0472</UnitOfMeasurePrice><AllowDiscount>1</AllowDiscount><ItemStatus>1</ItemStatus><ItemPrice>18.90</ItemPrice></item><item><PriceUpdateDate>2015-10-22 08:04:45</PriceUpdateDate><ItemCode>7290000424194</ItemCode><ItemType>1</ItemType><ItemName>יוגורמה בית יצחק 850</ItemName><ManufacturerName>בית יצחק</ManufacturerName><ManufactureCountry>ישראל</ManufactureCountry><ManufacturerItemDescription>יוגורט יוגורמה מחלב כבשים</ManufacturerItemDescription><SoldByWeight/><Quantity>850.00</Quantity><UnitOfMeasure>מ"ל</UnitOfMeasure><QtyInPackage>לא ידוע</QtyInPackage><UnitOfMeasurePrice>0.0319</UnitOfMeasurePrice><AllowDiscount>1</AllowDiscount><ItemStatus>1</ItemStatus><ItemPrice>27.10</ItemPrice></item><item><PriceUpdateDate>2015-10-22 08:04:45</PriceUpdateDate><ItemCode>7290000424200</ItemCode><ItemType>1</ItemType><ItemName>יוגורמה כבשים 140 גר</ItemName><ManufacturerName>יוגורמה</ManufacturerName><ManufactureCountry>ישראל</ManufactureCountry><ManufacturerItemDescription>יוגורמה יוגורט מחלב כבשים</ManufacturerItemDescription><SoldByWeight/><Quantity>140.00</Quantity><UnitOfMeasure>גרם     </UnitOfMeasure><QtyInPackage>לא ידוע</QtyInPackage><UnitOfMeasurePrice>0.0471</UnitOfMeasurePrice><AllowDiscount>1</AllowDiscount><ItemStatus>1</ItemStatus><ItemPrice>6.60</ItemPrice></item><item><PriceUpdateDate>2016-03-29 07:10:21</PriceUpdateDate><ItemCode>7290000426891</ItemCode><ItemType>1</ItemType><ItemName>מיץ סחוט תפוחים 1 לי</ItemName><ManufacturerName>פרימור</ManufacturerName><ManufactureCountry>ישראל</ManufactureCountry><ManufacturerItemDescription>מיץ תפוחים צלול 1 ל</ManufacturerItemDescription><SoldByWeight/><Quantity>1000.00</Quantity><UnitOfMeasure>מ"ל</UnitOfMeasure><QtyInPackage>לא ידוע</QtyInPackage><UnitOfMeasurePrice>0.0152</UnitOfMeasurePrice><AllowDiscount>1</AllowDiscount><ItemStatus>1</ItemStatus><ItemPrice>15.20</ItemPrice></item><item><PriceUpdateDate>2016-05-01 12:01:21</PriceUpdateDate><ItemCode>7290000426907</ItemCode><ItemType>1</ItemType><ItemName>פרימור סחוט תפוזים 2</ItemName><ManufacturerName>פרימור</ManufacturerName><ManufactureCountry>ישראל</ManufactureCountry><ManufacturerItemDescription>מיץ תפוזים סחוט2 ל</ManufacturerItemDescription><SoldByWeight/><Quantity>2000.00</Quantity><UnitOfMeasure>מ"ל</UnitOfMeasure><QtyInPackage>לא ידוע</QtyInPackage><UnitOfMeasurePrice>0.0124</UnitOfMeasurePrice><AllowDiscount>1</AllowDiscount><ItemStatus>1</ItemStatus><ItemPrice>24.90</ItemPrice></item><item><PriceUpdateDate>2016-05-01 12:01:21</PriceUpdateDate><ItemCode>7290000426914</ItemCode><ItemType>1</ItemType><ItemName>פרימור סחוט לימונענע</ItemName><ManufacturerName>פרימור</ManufacturerName><ManufactureCountry>ישראל</ManufactureCountry><ManufacturerItemDescription>מיץ לימון עם נענע 2 ל</ManufacturerItemDescription><SoldByWeight/><Quantity>2000.00</Quantity><UnitOfMeasure>מ"ל</UnitOfMeasure><QtyInPackage>לא ידוע</QtyInPackage><UnitOfMeasurePrice>0.0124</UnitOfMeasurePrice><AllowDiscount>1</AllowDiscount><ItemStatus>1</ItemStatus><ItemPrice>24.90</ItemPrice></item><item><PriceUpdateDate>2016-03-29 07:10:21</PriceUpdateDate><ItemCode>7290000427089</ItemCode><ItemType>1</ItemType><ItemName>שווארמה פרגיות 500 ג</ItemName><ManufacturerName>טיבון ויל</ManufacturerName><ManufactureCountry>ישראל</ManufactureCountry><ManufacturerItemDescription>שווארמה פרגיות 500 גר</ManufacturerItemDescription><SoldByWeight/><Quantity>500.00</Quantity><UnitOfMeasure>גרם     </UnitOfMeasure><QtyInPackage>לא ידוע</QtyInPackage><UnitOfMeasurePrice>0.0598</UnitOfMeasurePrice><AllowDiscount>1</AllowDiscount><ItemStatus>1</ItemStatus><ItemPrice>29.90</ItemPrice></item><item><PriceUpdateDate>2016-03-16 14:00:56</PriceUpdateDate><ItemCode>7290000427287</ItemCode><ItemType>1</ItemType><ItemName>גולש עגל קפוא 800 גר</ItemName><ManufacturerName>טיבון ויל</ManufacturerName><ManufactureCountry>ישראל</ManufactureCountry><ManufacturerItemDescription>גולש עגל 800 גרם</ManufacturerItemDescription><SoldByWeight/><Quantity>800.00</Quantity><UnitOfMeasure>גרם     </UnitOfMeasure><QtyInPackage>לא ידוע</QtyInPackage><UnitOfMeasurePrice>0.0624</UnitOfMeasurePrice><AllowDiscount>1</AllowDiscount><ItemStatus>1</ItemStatus><ItemPrice>49.90</ItemPrice></item><item><PriceUpdateDate>2015-10-14 10:41:04</PriceUpdateDate><ItemCode>7290000428680</ItemCode><ItemType>1</ItemType><ItemName>קוקה קולה 0.5 ליטר.</ItemName><ManufacturerName>קוקה קולה</ManufacturerName><ManufactureCountry>ישראל</ManufactureCountry><ManufacturerItemDescription>קוקה קולה500 מל</ManufacturerItemDescription><SoldByWeight/><Quantity>500.00</Quantity><UnitOfMeasure>מ"ל</UnitOfMeasure><QtyInPackage>לא ידוע</QtyInPackage><UnitOfMeasurePrice>0.0146</UnitOfMeasurePrice><AllowDiscount>1</AllowDiscount><ItemStatus>1</ItemStatus><ItemPrice>7.30</ItemPrice></item><item><PriceUpdateDate>2015-10-14 10:41:04</PriceUpdateDate><ItemCode>7290000428703</ItemCode><ItemType>1</ItemType><ItemName>פאנטה אורנג' 5 0 ליט</ItemName><ManufacturerName>פאנטה אורנג</ManufacturerName><ManufactureCountry>ישראל</ManufactureCountry><ManufacturerItemDescription>פאנטה אורנג 500 בקבוק</ManufacturerItemDescription><SoldByWeight/><Quantity>500.00</Quantity><UnitOfMeasure>מ"ל</UnitOfMeasure><QtyInPackage>לא ידוע</QtyInPackage><UnitOfMeasurePrice>0.0146</UnitOfMeasurePrice><AllowDiscount>1</AllowDiscount><ItemStatus>1</ItemStatus><ItemPrice>7.30</ItemPrice></item><item><PriceUpdateDate>2015-10-14 10:41:04</PriceUpdateDate><ItemCode>7290000428710</ItemCode><ItemType>1</ItemType><ItemName>קוקה קולה דיאט 0.5 ל</ItemName><ManufacturerName>דיאט קוקה קולה</ManufacturerName><ManufactureCountry>ישראל</ManufactureCountry><ManufacturerItemDescription>קוקה קולה דיאט500 מל</ManufacturerItemDescription><SoldByWeight/><Quantity>500.00</Quantity><UnitOfMeasure>מ"ל</UnitOfMeasure><QtyInPackage>לא ידוע</QtyInPackage><UnitOfMeasurePrice>0.0146</UnitOfMeasurePrice><AllowDiscount>1</AllowDiscount><ItemStatus>1</ItemStatus><ItemPrice>7.30</ItemPrice></item><item><PriceUpdateDate>2016-05-01 12:01:25</PriceUpdateDate><ItemCode>7290000428949</ItemCode><ItemType>1</ItemType><ItemName>ממרח פרה שוקולד 500</ItemName><ManufacturerName>פרה</ManufacturerName><ManufactureCountry>ישראל</ManufactureCountry><ManufacturerItemDescription>ממרח שוקולד פרה 500 גר</ManufacturerItemDescription><SoldByWeight/><Quantity>500.00</Quantity><UnitOfMeasure>גרם     </UnitOfMeasure><QtyInPackage>לא ידוע</QtyInPackage><UnitOfMeasurePrice>0.0278</UnitOfMeasurePrice><AllowDiscount>1</AllowDiscount><ItemStatus>1</ItemStatus><ItemPrice>13.90</ItemPrice></item><item><PriceUpdateDate>2015-10-11 14:22:45</PriceUpdateDate><ItemCode>7290000429021</ItemCode><ItemType>1</ItemType><ItemName>צ'יטוס פיצה 60 גרם</ItemName><ManufacturerName>צ'יטוס</ManufacturerName><ManufactureCountry>ישראל</ManufactureCountry><ManufacturerItemDescription>צ'יטוס פיצה 60 גרם</ManufacturerItemDescription><SoldByWeight/><Quantity>14.00</Quantity><UnitOfMeasure>גרם     </UnitOfMeasure><QtyInPackage>לא ידוע</QtyInPackage><UnitOfMeasurePrice>0.3071</UnitOfMeasurePrice><AllowDiscount>1</AllowDiscount><ItemStatus>1</ItemStatus><ItemPrice>4.30</ItemPrice></item><item><PriceUpdateDate>2015-10-11 14:22:46</PriceUpdateDate><ItemCode>7290000429052</ItemCode><ItemType>1</ItemType><ItemName>צ'יטוס כאפה קטשופ 55</ItemName><ManufacturerName>צ'יטוס</ManufacturerName><ManufactureCountry>ישראל</ManufactureCountry><ManufacturerItemDescription>צ'יטוס כאפה קטשופ 55</ManufacturerItemDescription><SoldByWeight/><Quantity>14.00</Quantity><UnitOfMeasure>גרם     </UnitOfMeasure><QtyInPackage>לא ידוע</QtyInPackage><UnitOfMeasurePrice>0.3071</UnitOfMeasurePrice><AllowDiscount>1</AllowDiscount><ItemStatus>1</ItemStatus><ItemPrice>4.30</ItemPrice></item><item><PriceUpdateDate>2015-10-22 08:33:00</PriceUpdateDate><ItemCode>7290000430034</ItemCode><ItemType>1</ItemType><ItemName>גבינת עיזים טבעי 5%</ItemName><ManufacturerName>משק צוריאל</ManufacturerName><ManufactureCountry>ישראל</ManufactureCountry><ManufacturerItemDescription>גבינת עיזים 5% למריחה טעם</ManufacturerItemDescription><SoldByWeight/><Quantity>250.00</Quantity><UnitOfMeasure>מ"ל</UnitOfMeasure><QtyInPackage>לא ידוע</QtyInPackage><UnitOfMeasurePrice>0.0660</UnitOfMeasurePrice><AllowDiscount>1</AllowDiscount><ItemStatus>1</ItemStatus><ItemPrice>16.50</ItemPrice></item><item><PriceUpdateDate>2016-03-29 07:10:21</PriceUpdateDate><ItemCode>7290000430096</ItemCode><ItemType>1</ItemType><ItemName>צוריאל בולגרית מעודנ</ItemName><ManufacturerName>משק צוריאל</ManufacturerName><ManufactureCountry>ישראל</ManufactureCountry><ManufacturerItemDescription>גבינה בולגרית250 - 5% גר</ManufacturerItemDescription><SoldByWeight/><Quantity>250.00</Quantity><UnitOfMeasure>גרם     </UnitOfMeasure><QtyInPackage>לא ידוע</QtyInPackage><UnitOfMeasurePrice>0.0936</UnitOfMeasurePrice><AllowDiscount>1</AllowDiscount><ItemStatus>1</ItemStatus><ItemPrice>23.40</ItemPrice></item><item><PriceUpdateDate>2015-10-22 08:33:00</PriceUpdateDate><ItemCode>7290000430164</ItemCode><ItemType>1</ItemType><ItemName>גבינת טבורוג 500 גרם</ItemName><ManufacturerName>משק צוריאל</ManufacturerName><ManufactureCountry>ישראל</ManufactureCountry><ManufacturerItemDescription>גבינת טבורוג 500 גרם</ManufacturerItemDescription><SoldByWeight/><Quantity>500.00</Quantity><UnitOfMeasure>גרם     </UnitOfMeasure><QtyInPackage>לא ידוע</QtyInPackage><UnitOfMeasurePrice>0.0508</UnitOfMeasurePrice><AllowDiscount>1</AllowDiscount><ItemStatus>1</ItemStatus><ItemPrice>25.40</ItemPrice></item><item><PriceUpdateDate>2016-05-01 12:01:26</PriceUpdateDate><ItemCode>7290000430195</ItemCode><ItemType>1</ItemType><ItemName>דבש 350 גרם</ItemName><ManufacturerName>יד מרדכי</ManufacturerName><ManufactureCountry>ישראל</ManufactureCountry><ManufacturerItemDescription>דבש דבורים טהור350 גר</ManufacturerItemDescription><SoldByWeight/><Quantity>350.00</Quantity><UnitOfMeasure>גרם     </UnitOfMeasure><QtyInPackage>לא ידוע</QtyInPackage><UnitOfMeasurePrice>0.0569</UnitOfMeasurePrice><AllowDiscount>1</AllowDiscount><ItemStatus>1</ItemStatus><ItemPrice>19.90</ItemPrice></item><item><PriceUpdateDate>2015-10-22 07:14:26</PriceUpdateDate><ItemCode>7290000430218</ItemCode><ItemType>1</ItemType><ItemName>דבש 1 ק"ג</ItemName><ManufacturerName>יד מרדכי</ManufacturerName><ManufactureCountry>ישראל</ManufactureCountry><ManufacturerItemDescription>דבש 1 ק"ג</ManufacturerItemDescription><SoldByWeight/><Quantity>1000.00</Quantity><UnitOfMeasure>גרם     </UnitOfMeasure><QtyInPackage>לא ידוע</QtyInPackage><UnitOfMeasurePrice>0.0555</UnitOfMeasurePrice><AllowDiscount>1</AllowDiscount><ItemStatus>1</ItemStatus><ItemPrice>55.50</ItemPrice></item><item><PriceUpdateDate>2016-03-16 14:00:56</PriceUpdateDate><ItemCode>7290000430553</ItemCode><ItemType>1</ItemType><ItemName>שום דורות בצנצנת 200</ItemName><ManufacturerName>דורות</ManufacturerName><ManufactureCountry>ישראל</ManufactureCountry><ManufacturerItemDescription>שום כתוש דורות בצנצנת 200</ManufacturerItemDescription><SoldByWeight/><Quantity>200.00</Quantity><UnitOfMeasure>גרם     </UnitOfMeasure><QtyInPackage>לא ידוע</QtyInPackage><UnitOfMeasurePrice>0.0745</UnitOfMeasurePrice><AllowDiscount>1</AllowDiscount><ItemStatus>1</ItemStatus><ItemPrice>14.90</ItemPrice></item><item><PriceUpdateDate>2016-05-01 12:01:26</PriceUpdateDate><ItemCode>7290000430577</ItemCode><ItemType>1</ItemType><ItemName>קוביות שום טרי במגשי</ItemName><ManufacturerName>דורות</ManufacturerName><ManufactureCountry>ישראל</ManufactureCountry><ManufacturerItemDescription>שום כתוש מגשית 80 גר</ManufacturerItemDescription><SoldByWeight/><Quantity>80.00</Quantity><UnitOfMeasure>גרם     </UnitOfMeasure><QtyInPackage>לא ידוע</QtyInPackage><UnitOfMeasurePrice>0.1613</UnitOfMeasurePrice><AllowDiscount>1</AllowDiscount><ItemStatus>1</ItemStatus><ItemPrice>12.90</ItemPrice></item><item><PriceUpdateDate>2016-05-01 12:01:26</PriceUpdateDate><ItemCode>7290000430591</ItemCode><ItemType>1</ItemType><ItemName>פטרוזיליה טרייה קצוצ</ItemName><ManufacturerName>דורות</ManufacturerName><ManufactureCountry>ישראל</ManufactureCountry><ManufacturerItemDescription>פטרוזיליה טרייה קצוצה 70</ManufacturerItemDescription><SoldByWeight/><Quantity>14.00</Quantity><UnitOfMeasure>גרם     </UnitOfMeasure><QtyInPackage>לא ידוע</QtyInPackage><UnitOfMeasurePrice>0.8214</UnitOfMeasurePrice><AllowDiscount>1</AllowDiscount><ItemStatus>1</ItemStatus><ItemPrice>11.50</ItemPrice></item><item><PriceUpdateDate>2015-11-15 20:32:42</PriceUpdateDate><ItemCode>7290000431321</ItemCode><ItemType>1</ItemType><ItemName>מים נביעות 0.5TO GO</ItemName><ManufacturerName>נביעות</ManufacturerName><ManufactureCountry>ישראל</ManufactureCountry><ManufacturerItemDescription>נביעות1/2 ל.ספורט</ManufacturerItemDescription><SoldByWeight/><Quantity>500.00</Quantity><UnitOfMeasure>מ"ל</UnitOfMeasure><QtyInPackage>לא ידוע</QtyInPackage><UnitOfMeasurePrice>0.0106</UnitOfMeasurePrice><AllowDiscount>1</AllowDiscount><ItemStatus>1</ItemStatus><ItemPrice>5.30</ItemPrice></item><item><PriceUpdateDate>2014-12-01 06:27:44</PriceUpdateDate><ItemCode>7290000431338</ItemCode><ItemType>1</ItemType><ItemName>בקבוק נביעות OG OT 7</ItemName><ManufacturerName>נביעות</ManufacturerName><ManufactureCountry>ישראל</ManufactureCountry><ManufacturerItemDescription>נביעות755 TO GO מל מים מי</ManufacturerItemDescription><SoldByWeight/><Quantity>755.00</Quantity><UnitOfMeasure>מ"ל</UnitOfMeasure><QtyInPackage>לא ידוע</QtyInPackage><UnitOfMeasurePrice>0.0078</UnitOfMeasurePrice><AllowDiscount>1</AllowDiscount><ItemStatus>1</ItemStatus><ItemPrice>5.90</ItemPrice></item><item><PriceUpdateDate>2016-03-01 07:12:50</PriceUpdateDate><ItemCode>7290000431376</ItemCode><ItemType>1</ItemType><ItemName>מים נביעות תפוח עדין</ItemName><ManufacturerName>נביעות</ManufacturerName><ManufactureCountry>ישראל</ManufactureCountry><ManufacturerItemDescription>נביעות +תפוח 1.5 ליטר</ManufacturerItemDescription><SoldByWeight/><Quantity>1500.00</Quantity><UnitOfMeasure>מ"ל</UnitOfMeasure><QtyInPackage>לא ידוע</QtyInPackage><UnitOfMeasurePrice>0.0058</UnitOfMeasurePrice><AllowDiscount>1</AllowDiscount><ItemStatus>1</ItemStatus><ItemPrice>8.70</ItemPrice></item><item><PriceUpdateDate>2015-11-02 17:19:07</PriceUpdateDate><ItemCode>7290000431390</ItemCode><ItemType>1</ItemType><ItemName>מים נביעות 1.5 ליטר</ItemName><ManufacturerName>נביעות</ManufacturerName><ManufactureCountry>ישראל</ManufactureCountry><ManufacturerItemDescription>נביעות1.5 ל .מים מינרלים</ManufacturerItemDescription><SoldByWeight/><Quantity>1500.00</Quantity><UnitOfMeasure>מ"ל</UnitOfMeasure><QtyInPackage>לא ידוע</QtyInPackage><UnitOfMeasurePrice>0.0028</UnitOfMeasurePrice><AllowDiscount>1</AllowDiscount><ItemStatus>1</ItemStatus><ItemPrice>4.20</ItemPrice></item><item><PriceUpdateDate>2016-03-01 07:12:50</PriceUpdateDate><ItemCode>7290000431406</ItemCode><ItemType>1</ItemType><ItemName>מיים נביעות אפרסק עד</ItemName><ManufacturerName>נביעות</ManufacturerName><ManufactureCountry>ישראל</ManufactureCountry><ManufacturerItemDescription>נביעות +אפרסק 1.5 ליטר</ManufacturerItemDescription><SoldByWeight/><Quantity>1500.00</Quantity><UnitOfMeasure>מ"ל</UnitOfMeasure><QtyInPackage>לא ידוע</QtyInPackage><UnitOfMeasurePrice>0.0058</UnitOfMeasurePrice><AllowDiscount>1</AllowDiscount><ItemStatus>1</ItemStatus><ItemPrice>8.70</ItemPrice></item><item><PriceUpdateDate>2016-02-02 05:49:51</PriceUpdateDate><ItemCode>7290000431413</ItemCode><ItemType>1</ItemType><ItemName>מב מים נביעות שישייה</ItemName><ManufacturerName>נביעות</ManufacturerName><ManufactureCountry>ישראל</ManufactureCountry><ManufacturerItemDescription>נביעות 1.5 1/6 מים מינרלי</ManufacturerItemDescription><SoldByWeight/><Quantity>9000.00</Quantity><UnitOfMeasure>מ"ל</UnitOfMeasure><QtyInPackage>לא ידוע</QtyInPackage><UnitOfMeasurePrice>0.0013</UnitOfMeasurePrice><AllowDiscount>1</AllowDiscount><ItemStatus>1</ItemStatus><ItemPrice>11.90</ItemPrice></item><item><PriceUpdateDate>2016-01-05 05:44:35</PriceUpdateDate><ItemCode>7290000431420</ItemCode><ItemType>1</ItemType><ItemName>מב נביעות חצי ליטר ש</ItemName><ManufacturerName>נביעות</ManufacturerName><ManufactureCountry>ישראל</ManufactureCountry><ManufacturerItemDescription>נביעות TO GO מל</ManufacturerItemDescription><SoldByWeight/><Quantity>3000.00</Quantity><UnitOfMeasure>מ"ל</UnitOfMeasure><QtyInPackage>לא ידוע</QtyInPackage><UnitOfMeasurePrice>0.0043</UnitOfMeasurePrice><AllowDiscount>1</AllowDiscount><ItemStatus>1</ItemStatus><ItemPrice>12.90</ItemPrice></item><item><PriceUpdateDate>2015-11-15 20:32:42</PriceUpdateDate><ItemCode>7290000431437</ItemCode><ItemType>1</ItemType><ItemName>מים נביעות TO GO שיש</ItemName><ManufacturerName>נביעות</ManufacturerName><ManufactureCountry>ישראל</ManufactureCountry><ManufacturerItemDescription>נביעות755 1/6 TO GO מל</ManufacturerItemDescription><SoldByWeight/><Quantity>4530.00</Quantity><UnitOfMeasure>מ"ל</UnitOfMeasure><QtyInPackage>לא ידוע</QtyInPackage><UnitOfMeasurePrice>0.0049</UnitOfMeasurePrice><AllowDiscount>1</AllowDiscount><ItemStatus>1</ItemStatus><ItemPrice>22.40</ItemPrice></item><item><PriceUpdateDate>2015-11-15 20:35:06</PriceUpdateDate><ItemCode>7290000432335</ItemCode><ItemType>1</ItemType><ItemName>נר זיכרון 72</ItemName><ManufacturerName>לא ידוע</ManufacturerName><ManufactureCountry>ישראל</ManufactureCountry><ManufacturerItemDescription>נר זיכרון 72</ManufacturerItemDescription><SoldByWeight/><Quantity>0.00</Quantity><UnitOfMeasure>יח'</UnitOfMeasure><QtyInPackage>לא ידוע</QtyInPackage><UnitOfMeasurePrice>0.0000</UnitOfMeasurePrice><AllowDiscount>1</AllowDiscount><ItemStatus>1</ItemStatus><ItemPrice>9.40</ItemPrice></item><item><PriceUpdateDate>2014-12-01 06:29:20</PriceUpdateDate><ItemCode>7290000432359</ItemCode><ItemType>1</ItemType><ItemName>נר שבועי</ItemName><ManufacturerName>לא ידוע</ManufacturerName><ManufactureCountry>ישראל</ManufactureCountry><ManufacturerItemDescription>נר זכרון ל 7-ימים</ManufacturerItemDescription><SoldByWeight/><Quantity>0.00</Quantity><UnitOfMeasure>יח'</UnitOfMeasure><QtyInPackage>לא ידוע</QtyInPackage><UnitOfMeasurePrice>0.0000</UnitOfMeasurePrice><AllowDiscount>1</AllowDiscount><ItemStatus>1</ItemStatus><ItemPrice>16.80</ItemPrice></item><item><PriceUpdateDate>2016-05-01 12:05:27</PriceUpdateDate><ItemCode>7290000432670</ItemCode><ItemType>1</ItemType><ItemName>נרות שבת מס' 12</ItemName><ManufacturerName>נר ציון</ManufacturerName><ManufactureCountry>ישראל</ManufactureCountry><ManufacturerItemDescription>נרות שבת מס' 12</ManufacturerItemDescription><SoldByWeight/><Quantity>1.00</Quantity><UnitOfMeasure>יח'</UnitOfMeasure><QtyInPackage>לא ידוע</QtyInPackage><UnitOfMeasurePrice>5.9000</UnitOfMeasurePrice><AllowDiscount>1</AllowDiscount><ItemStatus>1</ItemStatus><ItemPrice>5.90</ItemPrice></item><item><PriceUpdateDate>2016-05-01 12:05:27</PriceUpdateDate><ItemCode>7290000432687</ItemCode><ItemType>1</ItemType><ItemName>נרות שבת מס' 16</ItemName><ManufacturerName>נר ציון</ManufacturerName><ManufactureCountry>ישראל</ManufactureCountry><ManufacturerItemDescription>נרות שבת מס' 16</ManufacturerItemDescription><SoldByWeight/><Quantity>1.00</Quantity><UnitOfMeasure>יח'</UnitOfMeasure><QtyInPackage>לא ידוע</QtyInPackage><UnitOfMeasurePrice>5.9000</UnitOfMeasurePrice><AllowDiscount>1</AllowDiscount><ItemStatus>1</ItemStatus><ItemPrice>5.90</ItemPrice></item><item><PriceUpdateDate>2016-03-16 14:00:56</PriceUpdateDate><ItemCode>7290000433080</ItemCode><ItemType>1</ItemType><ItemName>טונה סטארקיסט בשמן 1</ItemName><ManufacturerName>סטארקיסט</ManufacturerName><ManufactureCountry>ישראל</ManufactureCountry><ManufacturerItemDescription>טונה סטארקיסט בשמן160 גר</ManufacturerItemDescription><SoldByWeight/><Quantity>112.00</Quantity><UnitOfMeasure>גרם     </UnitOfMeasure><QtyInPackage>לא ידוע</QtyInPackage><UnitOfMeasurePrice>0.0616</UnitOfMeasurePrice><AllowDiscount>1</AllowDiscount><ItemStatus>1</ItemStatus><ItemPrice>6.90</ItemPrice></item><item><PriceUpdateDate>2016-03-16 14:00:56</PriceUpdateDate><ItemCode>7290000433097</ItemCode><ItemType>1</ItemType><ItemName>טונה סטארקיסט במים 1</ItemName><ManufacturerName>סטארקיסט</ManufacturerName><ManufactureCountry>ישראל</ManufactureCountry><ManufacturerItemDescription>טונה סטארקיסט במים160 גר</ManufacturerItemDescription><SoldByWeight/><Quantity>112.00</Quantity><UnitOfMeasure>גרם     </UnitOfMeasure><QtyInPackage>לא ידוע</QtyInPackage><UnitOfMeasurePrice>0.0616</UnitOfMeasurePrice><AllowDiscount>1</AllowDiscount><ItemStatus>1</ItemStatus><ItemPrice>6.90</ItemPrice></item><item><PriceUpdateDate>2015-11-02 17:19:57</PriceUpdateDate><ItemCode>7290000433684</ItemCode><ItemType>1</ItemType><ItemName>פפסי קולה 1.5 ליטר</ItemName><ManufacturerName>פפסי</ManufacturerName><ManufactureCountry>ישראל</ManufactureCountry><ManufacturerItemDescription>פפסי קולה 1.5  ל</ManufacturerItemDescription><SoldByWeight/><Quantity>1500.00</Quantity><UnitOfMeasure>מ"ל</UnitOfMeasure><QtyInPackage>לא ידוע</QtyInPackage><UnitOfMeasurePrice>0.0047</UnitOfMeasurePrice><AllowDiscount>0</AllowDiscount><ItemStatus>1</ItemStatus><ItemPrice>7.10</ItemPrice></item><item><PriceUpdateDate>2015-10-14 10:41:05</PriceUpdateDate><ItemCode>7290000433899</ItemCode><ItemType>1</ItemType><ItemName>סבן אפ דיאט 1.5 ליטר</ItemName><ManufacturerName>7 אפ דיאט</ManufacturerName><ManufactureCountry>ישראל</ManufactureCountry><ManufacturerItemDescription>פפסי סבנאפ דיאט 1.5  ל</ManufacturerItemDescription><SoldByWeight/><Quantity>1500.00</Quantity><UnitOfMeasure>מ"ל</UnitOfMeasure><QtyInPackage>לא ידוע</QtyInPackage><UnitOfMeasurePrice>0.0047</UnitOfMeasurePrice><AllowDiscount>1</AllowDiscount><ItemStatus>1</ItemStatus><ItemPrice>7.10</ItemPrice></item><item><PriceUpdateDate>2015-10-14 10:41:05</PriceUpdateDate><ItemCode>7290000433974</ItemCode><ItemType>1</ItemType><ItemName>פפסי מקס 1.5 ליטר</ItemName><ManufacturerName>פפסי מקס</ManufacturerName><ManufactureCountry>ישראל</ManufactureCountry><ManufacturerItemDescription>פפסי קולה מקס 1.5 ללא סוכ</ManufacturerItemDescription><SoldByWeight/><Quantity>1500.00</Quantity><UnitOfMeasure>מ"ל</UnitOfMeasure><QtyInPackage>לא ידוע</QtyInPackage><UnitOfMeasurePrice>0.0047</UnitOfMeasurePrice><AllowDiscount>0</AllowDiscount><ItemStatus>1</ItemStatus><ItemPrice>7.10</ItemPrice></item><item><PriceUpdateDate>2016-02-11 11:10:54</PriceUpdateDate><ItemCode>7290000435060</ItemCode><ItemType>1</ItemType><ItemName>גבינת סקי 5% 500 גרם</ItemName><ManufacturerName>שטראוס</ManufacturerName><ManufactureCountry>ישראל</ManufactureCountry><ManufacturerItemDescription>גבינה סקי 500 5% גרם</ManufacturerItemDescription><SoldByWeight/><Quantity>500.00</Quantity><UnitOfMeasure>גרם     </UnitOfMeasure><QtyInPackage>לא ידוע</QtyInPackage><UnitOfMeasurePrice>0.0184</UnitOfMeasurePrice><AllowDiscount>0</AllowDiscount><ItemStatus>1</ItemStatus><ItemPrice>9.20</ItemPrice></item><item><PriceUpdateDate>2015-10-13 11:27:29</PriceUpdateDate><ItemCode>7290000435077</ItemCode><ItemType>1</ItemType><ItemName>דנונה טבעי 0% 200 גר</ItemName><ManufacturerName>דנונה</ManufacturerName><ManufactureCountry>ישראל</ManufactureCountry><ManufacturerItemDescription>דנונה 200 -0% גרם</ManufacturerItemDescription><SoldByWeight/><Quantity>200.00</Quantity><UnitOfMeasure>גרם     </UnitOfMeasure><QtyInPackage>לא ידוע</QtyInPackage><UnitOfMeasurePrice>0.0200</UnitOfMeasurePrice><AllowDiscount>1</AllowDiscount><ItemStatus>1</ItemStatus><ItemPrice>4.00</ItemPrice></item><item><PriceUpdateDate>2016-02-11 11:10:54</PriceUpdateDate><ItemCode>7290000435091</ItemCode><ItemType>1</ItemType><ItemName>גבינת סקי 5% 250 גרם</ItemName><ManufacturerName>שטראוס</ManufacturerName><ManufactureCountry>ישראל</ManufactureCountry><ManufacturerItemDescription>גבינה סקי 250 5% גר   .פי</ManufacturerItemDescription><SoldByWeight/><Quantity>250.00</Quantity><UnitOfMeasure>גרם     </UnitOfMeasure><QtyInPackage>לא ידוע</QtyInPackage><UnitOfMeasurePrice>0.0184</UnitOfMeasurePrice><AllowDiscount>1</AllowDiscount><ItemStatus>1</ItemStatus><ItemPrice>4.60</ItemPrice></item><item><PriceUpdateDate>2016-05-08 10:32:13</PriceUpdateDate><ItemCode>7290000435114</ItemCode><ItemType>1</ItemType><ItemName>סלט חומוס אחלה 500 ג</ItemName><ManufacturerName>אחלה</ManufacturerName><ManufactureCountry>ישראל</ManufactureCountry><ManufacturerItemDescription>סלט 500חומוס אחלה</ManufacturerItemDescription><SoldByWeight/><Quantity>500.00</Quantity><UnitOfMeasure>גרם     </UnitOfMeasure><QtyInPackage>לא ידוע</QtyInPackage><UnitOfMeasurePrice>0.0190</UnitOfMeasurePrice><AllowDiscount>1</AllowDiscount><ItemStatus>1</ItemStatus><ItemPrice>9.50</ItemPrice></item><item><PriceUpdateDate>2016-03-24 07:05:52</PriceUpdateDate><ItemCode>7290000435138</ItemCode><ItemType>1</ItemType><ItemName>סלט כרוב אדום אחלה 5</ItemName><ManufacturerName>אחלה</ManufacturerName><ManufactureCountry>ישראל</ManufactureCountry><ManufacturerItemDescription>סלט 500כרוב אדום אחלה</ManufacturerItemDescription><SoldByWeight/><Quantity>500.00</Quantity><UnitOfMeasure>גרם     </UnitOfMeasure><QtyInPackage>לא ידוע</QtyInPackage><UnitOfMeasurePrice>0.0298</UnitOfMeasurePrice><AllowDiscount>1</AllowDiscount><ItemStatus>1</ItemStatus><ItemPrice>14.90</ItemPrice></item><item><PriceUpdateDate>2016-05-01 12:01:31</PriceUpdateDate><ItemCode>7290000435169</ItemCode><ItemType>1</ItemType><ItemName>גפילטע פיש דלידג 520</ItemName><ManufacturerName>לא ממותג</ManufacturerName><ManufactureCountry>ישראל</ManufactureCountry><ManufacturerItemDescription>גפילטע פיש בצנצנת 520 גרם</ManufacturerItemDescription><SoldByWeight/><Quantity>520.00</Quantity><UnitOfMeasure>גרם     </UnitOfMeasure><QtyInPackage>לא ידוע</QtyInPackage><UnitOfMeasurePrice>0.0306</UnitOfMeasurePrice><AllowDiscount>0</AllowDiscount><ItemStatus>1</ItemStatus><ItemPrice>15.90</ItemPrice></item><item><PriceUpdateDate>2015-10-22 08:33:00</PriceUpdateDate><ItemCode>7290000435398</ItemCode><ItemType>1</ItemType><ItemName>גבינה מותכת למריחה 1</ItemName><ManufacturerName>טרה</ManufacturerName><ManufactureCountry>ישראל</ManufactureCountry><ManufacturerItemDescription>גבינה מותכת למריחה 1</ManufacturerItemDescription><SoldByWeight/><Quantity>100.00</Quantity><UnitOfMeasure>גרם     </UnitOfMeasure><QtyInPackage>לא ידוע</QtyInPackage><UnitOfMeasurePrice>0.0710</UnitOfMeasurePrice><AllowDiscount>1</AllowDiscount><ItemStatus>1</ItemStatus><ItemPrice>7.10</ItemPrice></item><item><PriceUpdateDate>2015-11-13 10:56:28</PriceUpdateDate><ItemCode>7290000435411</ItemCode><ItemType>1</ItemType><ItemName>קוטג' 5% טרה 250 גרם</ItemName><ManufacturerName>טרה</ManufacturerName><ManufactureCountry>ישראל</ManufactureCountry><ManufacturerItemDescription>קוטג מועשר 250 5% גרם</ManufacturerItemDescription><SoldByWeight/><Quantity>250.00</Quantity><UnitOfMeasure>גרם     </UnitOfMeasure><QtyInPackage>לא ידוע</QtyInPackage><UnitOfMeasurePrice>0.0228</UnitOfMeasurePrice><AllowDiscount>1</AllowDiscount><ItemStatus>1</ItemStatus><ItemPrice>5.70</ItemPrice></item><item><PriceUpdateDate>2016-03-16 13:06:41</PriceUpdateDate><ItemCode>7290000435442</ItemCode><ItemType>1</ItemType><ItemName>מיץ פריגת ענבים 1.5</ItemName><ManufacturerName>פריגת</ManufacturerName><ManufactureCountry>ישראל</ManufactureCountry><ManufacturerItemDescription>משקל פריגת ענבים</ManufacturerItemDescription><SoldByWeight/><Quantity>1500.00</Quantity><UnitOfMeasure>מ"ל</UnitOfMeasure><QtyInPackage>לא ידוע</QtyInPackage><UnitOfMeasurePrice>0.0046</UnitOfMeasurePrice><AllowDiscount>0</AllowDiscount><ItemStatus>1</ItemStatus><ItemPrice>6.90</ItemPrice></item><item><PriceUpdateDate>2016-03-16 13:06:41</PriceUpdateDate><ItemCode>7290000435466</ItemCode><ItemType>1</ItemType><ItemName>מיץ פריגת אשכוליות 1</ItemName><ManufacturerName>פריגת</ManufacturerName><ManufactureCountry>ישראל</ManufactureCountry><ManufacturerItemDescription>משקל פריגת אשכוליות</ManufacturerItemDescription><SoldByWeight/><Quantity>1500.00</Quantity><UnitOfMeasure>מ"ל</UnitOfMeasure><QtyInPackage>לא ידוע</QtyInPackage><UnitOfMeasurePrice>0.0046</UnitOfMeasurePrice><AllowDiscount>0</AllowDiscount><ItemStatus>1</ItemStatus><ItemPrice>6.90</ItemPrice></item><item><PriceUpdateDate>2016-03-16 13:06:41</PriceUpdateDate><ItemCode>7290000435473</ItemCode><ItemType>1</ItemType><ItemName>מיץ פריגת תפוזים דיא</ItemName><ManufacturerName>פריגת</ManufacturerName><ManufactureCountry>ישראל</ManufactureCountry><ManufacturerItemDescription>משקל פריגת דיאט תפוזים</ManufacturerItemDescription><SoldByWeight/><Quantity>1500.00</Quantity><UnitOfMeasure>מ"ל</UnitOfMeasure><QtyInPackage>לא ידוע</QtyInPackage><UnitOfMeasurePrice>0.0046</UnitOfMeasurePrice><AllowDiscount>0</AllowDiscount><ItemStatus>1</ItemStatus><ItemPrice>6.90</ItemPrice></item><item><PriceUpdateDate>2016-03-01 06:43:27</PriceUpdateDate><ItemCode>7290000435596</ItemCode><ItemType>1</ItemType><ItemName>מב נקניק פסטרמה ברבי</ItemName><ManufacturerName>טירת צבי</ManufacturerName><ManufactureCountry>ישראל</ManufactureCountry><ManufacturerItemDescription>מב נקניק פסטרמה ברבי</ManufacturerItemDescription><SoldByWeight/><Quantity>360.00</Quantity><UnitOfMeasure>גרם     </UnitOfMeasure><QtyInPackage>לא ידוע</QtyInPackage><UnitOfMeasurePrice>0.0692</UnitOfMeasurePrice><AllowDiscount>1</AllowDiscount><ItemStatus>1</ItemStatus><ItemPrice>24.90</ItemPrice></item><item><PriceUpdateDate>2016-03-01 06:43:27</PriceUpdateDate><ItemCode>7290000436036</ItemCode><ItemType>1</ItemType><ItemName>סירופ פריגתענבים 750</ItemName><ManufacturerName>פריגת</ManufacturerName><ManufactureCountry>ישראל</ManufactureCountry><ManufacturerItemDescription>סירופ פריגתענבים 750</ManufacturerItemDescription><SoldByWeight/><Quantity>750.00</Quantity><UnitOfMeasure>מ"ל</UnitOfMeasure><QtyInPackage>לא ידוע</QtyInPackage><UnitOfMeasurePrice>0.0185</UnitOfMeasurePrice><AllowDiscount>1</AllowDiscount><ItemStatus>1</ItemStatus><ItemPrice>13.90</ItemPrice></item><item><PriceUpdateDate>2016-03-01 06:43:27</PriceUpdateDate><ItemCode>7290000436043</ItemCode><ItemType>1</ItemType><ItemName>סירופ פריגת פטל 750</ItemName><ManufacturerName>פריגת</ManufacturerName><ManufactureCountry>ישראל</ManufactureCountry><ManufacturerItemDescription>סירופ פטל 750 מל</ManufacturerItemDescription><SoldByWeight/><Quantity>750.00</Quantity><UnitOfMeasure>מ"ל</UnitOfMeasure><QtyInPackage>לא ידוע</QtyInPackage><UnitOfMeasurePrice>0.0185</UnitOfMeasurePrice><AllowDiscount>1</AllowDiscount><ItemStatus>1</ItemStatus><ItemPrice>13.90</ItemPrice></item><item><PriceUpdateDate>2016-05-01 12:01:32</PriceUpdateDate><ItemCode>7290000436234</ItemCode><ItemType>1</ItemType><ItemName>שוקו כד 1.5% יטבתה 2</ItemName><ManufacturerName>יטבתה</ManufacturerName><ManufactureCountry>ישראל</ManufactureCountry><ManufacturerItemDescription>שוקו2 ל.בכד פלסטיק</ManufacturerItemDescription><SoldByWeight/><Quantity>2000.00</Quantity><UnitOfMeasure>מ"ל</UnitOfMeasure><QtyInPackage>לא ידוע</QtyInPackage><UnitOfMeasurePrice>0.0104</UnitOfMeasurePrice><AllowDiscount>1</AllowDiscount><ItemStatus>1</ItemStatus><ItemPrice>20.90</ItemPrice></item><item><PriceUpdateDate>2016-03-16 14:00:56</PriceUpdateDate><ItemCode>7290000436272</ItemCode><ItemType>1</ItemType><ItemName>שוקו יטבתה בקבוק 1 ל</ItemName><ManufacturerName>יטבתה</ManufacturerName><ManufactureCountry>ישראל</ManufactureCountry><ManufacturerItemDescription>שוקו יוטבתה1 ל.בקבוק</ManufacturerItemDescription><SoldByWeight/><Quantity>1000.00</Quantity><UnitOfMeasure>מ"ל</UnitOfMeasure><QtyInPackage>לא ידוע</QtyInPackage><UnitOfMeasurePrice>0.0119</UnitOfMeasurePrice><AllowDiscount>1</AllowDiscount><ItemStatus>1</ItemStatus><ItemPrice>11.90</ItemPrice></item><item><PriceUpdateDate>2015-10-22 08:37:08</PriceUpdateDate><ItemCode>7290000436319</ItemCode><ItemType>1</ItemType><ItemName>משקה חלב בננה עם פקק</ItemName><ManufacturerName>יטבתה</ManufacturerName><ManufactureCountry>ישראל</ManufactureCountry><ManufacturerItemDescription>משקה חלב בננה פקק ספורטאי</ManufacturerItemDescription><SoldByWeight/><Quantity>250.00</Quantity><UnitOfMeasure>מ"ל</UnitOfMeasure><QtyInPackage>לא ידוע</QtyInPackage><UnitOfMeasurePrice>0.0216</UnitOfMeasurePrice><AllowDiscount>1</AllowDiscount><ItemStatus>1</ItemStatus><ItemPrice>5.40</ItemPrice></item><item><PriceUpdateDate>2016-03-16 14:00:56</PriceUpdateDate><ItemCode>7290000436340</ItemCode><ItemType>1</ItemType><ItemName>שוקו יטבתה עם פקק 25</ItemName><ManufacturerName>יטבתה</ManufacturerName><ManufactureCountry>ישראל</ManufactureCountry><ManufacturerItemDescription>שוקו יטבתה ספורטאים 250 מ</ManufacturerItemDescription><SoldByWeight/><Quantity>250.00</Quantity><UnitOfMeasure>מ"ל</UnitOfMeasure><QtyInPackage>לא ידוע</QtyInPackage><UnitOfMeasurePrice>0.0212</UnitOfMeasurePrice><AllowDiscount>1</AllowDiscount><ItemStatus>1</ItemStatus><ItemPrice>5.30</ItemPrice></item><item><PriceUpdateDate>2016-05-01 10:18:52</PriceUpdateDate><ItemCode>7290000436388</ItemCode><ItemType>1</ItemType><ItemName>מב חלב מועשר 3% מהדר</ItemName><ManufacturerName>יטבתה</ManufacturerName><ManufactureCountry>ישראל</ManufactureCountry><ManufacturerItemDescription>חלב מועשר 2 3% ליטר</ManufacturerItemDescription><SoldByWeight/><Quantity>2000.00</Quantity><UnitOfMeasure>מ"ל</UnitOfMeasure><QtyInPackage>לא ידוע</QtyInPackage><UnitOfMeasurePrice>0.0065</UnitOfMeasurePrice><AllowDiscount>1</AllowDiscount><ItemStatus>1</ItemStatus><ItemPrice>12.90</ItemPrice></item><item><PriceUpdateDate>2016-03-29 07:28:06</PriceUpdateDate><ItemCode>7290000436630</ItemCode><ItemType>1</ItemType><ItemName>מב חרדל דיז''ון אקסט</ItemName><ManufacturerName>Reine Dijon</ManufacturerName><ManufactureCountry>צרפת</ManufactureCountry><ManufacturerItemDescription>חרדל דיגון אקסטרא פורטה 3</ManufacturerItemDescription><SoldByWeight/><Quantity>370.00</Quantity><UnitOfMeasure>גרם     </UnitOfMeasure><QtyInPackage>לא ידוע</QtyInPackage><UnitOfMeasurePrice>0.0268</UnitOfMeasurePrice><AllowDiscount>1</AllowDiscount><ItemStatus>1</ItemStatus><ItemPrice>9.90</ItemPrice></item><item><PriceUpdateDate>2016-03-16 13:06:20</PriceUpdateDate><ItemCode>7290000436678</ItemCode><ItemType>1</ItemType><ItemName>קוקה קולה שישייה. 1.</ItemName><ManufacturerName>קוקה קולה</ManufacturerName><ManufactureCountry>ישראל</ManufactureCountry><ManufacturerItemDescription>קוקה קולה 1.5 ל</ManufacturerItemDescription><SoldByWeight/><Quantity>9000.00</Quantity><UnitOfMeasure>מ"ל</UnitOfMeasure><QtyInPackage>לא ידוע</QtyInPackage><UnitOfMeasurePrice>0.0040</UnitOfMeasurePrice><AllowDiscount>1</AllowDiscount><ItemStatus>1</ItemStatus><ItemPrice>35.90</ItemPrice></item><item><PriceUpdateDate>2016-03-16 13:06:20</PriceUpdateDate><ItemCode>7290000436692</ItemCode><ItemType>1</ItemType><ItemName>קוקה קולה דיאט שישיי</ItemName><ManufacturerName>דיאט קוקה קולה</ManufacturerName><ManufactureCountry>ישראל</ManufactureCountry><ManufacturerItemDescription>קוקה קולה דיאט1.5 ל</ManufacturerItemDescription><SoldByWeight/><Quantity>9000.00</Quantity><UnitOfMeasure>מ"ל</UnitOfMeasure><QtyInPackage>לא ידוע</QtyInPackage><UnitOfMeasurePrice>0.0040</UnitOfMeasurePrice><AllowDiscount>1</AllowDiscount><ItemStatus>1</ItemStatus><ItemPrice>35.90</ItemPrice></item><item><PriceUpdateDate>2015-10-22 08:33:00</PriceUpdateDate><ItemCode>7290000436852</ItemCode><ItemType>1</ItemType><ItemName>יוגורט עיזים טבעי 15</ItemName><ManufacturerName>משק צוריאל</ManufacturerName><ManufactureCountry>ישראל</ManufactureCountry><ManufacturerItemDescription>יוגורט עיזים 150 3.9% גר</ManufacturerItemDescription><SoldByWeight/><Quantity>140.00</Quantity><UnitOfMeasure>מ"ל</UnitOfMeasure><QtyInPackage>לא ידוע</QtyInPackage><UnitOfMeasurePrice>0.0493</UnitOfMeasurePrice><AllowDiscount>0</AllowDiscount><ItemStatus>1</ItemStatus><ItemPrice>6.90</ItemPrice></item><item><PriceUpdateDate>2015-10-22 08:33:00</PriceUpdateDate><ItemCode>7290000436883</ItemCode><ItemType>1</ItemType><ItemName>טופו טבעי 300 גרם</ItemName><ManufacturerName>משק צוריאל</ManufacturerName><ManufactureCountry>ארצות הברית</ManufactureCountry><ManufacturerItemDescription>טופו גולמי ואקום 300 גר</ManufacturerItemDescription><SoldByWeight/><Quantity>300.00</Quantity><UnitOfMeasure>גרם     </UnitOfMeasure><QtyInPackage>לא ידוע</QtyInPackage><UnitOfMeasurePrice>0.0463</UnitOfMeasurePrice><AllowDiscount>1</AllowDiscount><ItemStatus>1</ItemStatus><ItemPrice>13.90</ItemPrice></item><item><PriceUpdateDate>2016-04-26 14:35:45</PriceUpdateDate><ItemCode>7290000437156</ItemCode><ItemType>1</ItemType><ItemName>מארז רביעיה שוקולד פ</ItemName><ManufacturerName>לא ממותג</ManufacturerName><ManufactureCountry>ישראל</ManufactureCountry><ManufacturerItemDescription>מארז רביעיה שוקולד פ</ManufacturerItemDescription><SoldByWeight/><Quantity>400.00</Quantity><UnitOfMeasure>גרם     </UnitOfMeasure><QtyInPackage>לא ידוע</QtyInPackage><UnitOfMeasurePrice>0.0398</UnitOfMeasurePrice><AllowDiscount>1</AllowDiscount><ItemStatus>1</ItemStatus><ItemPrice>15.90</ItemPrice></item><item><PriceUpdateDate>2016-03-01 06:43:28</PriceUpdateDate><ItemCode>7290000437392</ItemCode><ItemType>1</ItemType><ItemName>מב פסטרמה בדבש 400 ג</ItemName><ManufacturerName>טירת צבי</ManufacturerName><ManufactureCountry>ישראל</ManufactureCountry><ManufacturerItemDescription>פסטרמה בדבש 400 גר</ManufacturerItemDescription><SoldByWeight/><Quantity>400.00</Quantity><UnitOfMeasure>גרם     </UnitOfMeasure><QtyInPackage>לא ידוע</QtyInPackage><UnitOfMeasurePrice>0.0622</UnitOfMeasurePrice><AllowDiscount>1</AllowDiscount><ItemStatus>1</ItemStatus><ItemPrice>24.90</ItemPrice></item><item><PriceUpdateDate>2016-02-11 11:03:29</PriceUpdateDate><ItemCode>7290000437415</ItemCode><ItemType>1</ItemType><ItemName>מב נקניק סלמי איטלקי</ItemName><ManufacturerName>טירת צבי</ManufacturerName><ManufactureCountry>ישראל</ManufactureCountry><ManufacturerItemDescription>סלמי אטלקי 300 גר</ManufacturerItemDescription><SoldByWeight/><Quantity>300.00</Quantity><UnitOfMeasure>גרם     </UnitOfMeasure><QtyInPackage>לא ידוע</QtyInPackage><UnitOfMeasurePrice>0.0663</UnitOfMeasurePrice><AllowDiscount>1</AllowDiscount><ItemStatus>1</ItemStatus><ItemPrice>19.90</ItemPrice></item><item><PriceUpdateDate>2016-02-11 11:03:29</PriceUpdateDate><ItemCode>7290000437422</ItemCode><ItemType>1</ItemType><ItemName>מב נקניק סלמי קוניאק</ItemName><ManufacturerName>טירת צבי</ManufacturerName><ManufactureCountry>ישראל</ManufactureCountry><ManufacturerItemDescription>סלמי קוניאק מובחר 300 גר</ManufacturerItemDescription><SoldByWeight/><Quantity>300.00</Quantity><UnitOfMeasure>גרם     </UnitOfMeasure><QtyInPackage>לא ידוע</QtyInPackage><UnitOfMeasurePrice>0.0663</UnitOfMeasurePrice><AllowDiscount>1</AllowDiscount><ItemStatus>1</ItemStatus><ItemPrice>19.90</ItemPrice></item><item><PriceUpdateDate>2016-01-05 08:33:29</PriceUpdateDate><ItemCode>7290000437453</ItemCode><ItemType>1</ItemType><ItemName>נקניק כתף בקר מעושן</ItemName><ManufacturerName>טירת צבי</ManufacturerName><ManufactureCountry>ישראל</ManufactureCountry><ManufacturerItemDescription>כתף בקר מעושן 400 גר</ManufacturerItemDescription><SoldByWeight/><Quantity>400.00</Quantity><UnitOfMeasure>גרם     </UnitOfMeasure><QtyInPackage>לא ידוע</QtyInPackage><UnitOfMeasurePrice>0.0947</UnitOfMeasurePrice><AllowDiscount>1</AllowDiscount><ItemStatus>1</ItemStatus><ItemPrice>37.90</ItemPrice></item><item><PriceUpdateDate>2016-03-01 06:43:28</PriceUpdateDate><ItemCode>7290000437460</ItemCode><ItemType>1</ItemType><ItemName>מב נקניק פסטרמה ספרד</ItemName><ManufacturerName>טירת צבי</ManufacturerName><ManufactureCountry>ישראל</ManufactureCountry><ManufacturerItemDescription>מב נקניק פסטרמה ספרד</ManufacturerItemDescription><SoldByWeight/><Quantity>360.00</Quantity><UnitOfMeasure>גרם     </UnitOfMeasure><QtyInPackage>לא ידוע</QtyInPackage><UnitOfMeasurePrice>0.0692</UnitOfMeasurePrice><AllowDiscount>1</AllowDiscount><ItemStatus>1</ItemStatus><ItemPrice>24.90</ItemPrice></item><item><PriceUpdateDate>2016-03-01 06:43:28</PriceUpdateDate><ItemCode>7290000437477</ItemCode><ItemType>1</ItemType><ItemName>מב נקניק פסטרמה איטל</ItemName><ManufacturerName>טירת צבי</ManufacturerName><ManufactureCountry>ישראל</ManufactureCountry><ManufacturerItemDescription>מב נקניק פסטרמה איטל</ManufacturerItemDescription><SoldByWeight/><Quantity>360.00</Quantity><UnitOfMeasure>גרם     </UnitOfMeasure><QtyInPackage>לא ידוע</QtyInPackage><UnitOfMeasurePrice>0.0692</UnitOfMeasurePrice><AllowDiscount>1</AllowDiscount><ItemStatus>1</ItemStatus><ItemPrice>24.90</ItemPrice></item><item><PriceUpdateDate>2016-03-16 14:00:57</PriceUpdateDate><ItemCode>7290000437682</ItemCode><ItemType>1</ItemType><ItemName>דנונה בר פקאן סיני מ</ItemName><ManufacturerName>דנונה</ManufacturerName><ManufactureCountry>ישראל</ManufactureCountry><ManufacturerItemDescription>דנונהדגנים פקאןסיני+שוקול</ManufacturerItemDescription><SoldByWeight/><Quantity>183.00</Quantity><UnitOfMeasure>גרם     </UnitOfMeasure><QtyInPackage>לא ידוע</QtyInPackage><UnitOfMeasurePrice>0.0246</UnitOfMeasurePrice><AllowDiscount>1</AllowDiscount><ItemStatus>1</ItemStatus><ItemPrice>4.50</ItemPrice></item><item><PriceUpdateDate>2015-12-08 07:01:02</PriceUpdateDate><ItemCode>7290000437699</ItemCode><ItemType>1</ItemType><ItemName>גבינת סקי 9% 250 גרם</ItemName><ManufacturerName>שטראוס</ManufacturerName><ManufactureCountry>ישראל</ManufactureCountry><ManufacturerItemDescription>גבינה סקי 250 9% גר</ManufacturerItemDescription><SoldByWeight/><Quantity>250.00</Quantity><UnitOfMeasure>גרם     </UnitOfMeasure><QtyInPackage>לא ידוע</QtyInPackage><UnitOfMeasurePrice>0.0192</UnitOfMeasurePrice><AllowDiscount>1</AllowDiscount><ItemStatus>1</ItemStatus><ItemPrice>4.80</ItemPrice></item><item><PriceUpdateDate>2014-12-01 06:27:53</PriceUpdateDate><ItemCode>7290000437828</ItemCode><ItemType>1</ItemType><ItemName>ממרח ויקול שמן קנולה</ItemName><ManufacturerName>אוליביה</ManufacturerName><ManufactureCountry>ישראל</ManufactureCountry><ManufacturerItemDescription>ממרח ויקול שמן קנולה</ManufacturerItemDescription><SoldByWeight/><Quantity>150.00</Quantity><UnitOfMeasure>גרם     </UnitOfMeasure><QtyInPackage>לא ידוע</QtyInPackage><UnitOfMeasurePrice>0.0620</UnitOfMeasurePrice><AllowDiscount>1</AllowDiscount><ItemStatus>1</ItemStatus><ItemPrice>9.30</ItemPrice></item><item><PriceUpdateDate>2016-05-01 12:01:34</PriceUpdateDate><ItemCode>7290000437835</ItemCode><ItemType>1</ItemType><ItemName>היינץ מיולייט היינץ</ItemName><ManufacturerName>היינץ</ManufacturerName><ManufactureCountry>ספרד</ManufactureCountry><ManufacturerItemDescription>מיזלי קראנץ     ירות 1 ק</ManufacturerItemDescription><SoldByWeight/><Quantity>430.00</Quantity><UnitOfMeasure>גרם     </UnitOfMeasure><QtyInPackage>לא ידוע</QtyInPackage><UnitOfMeasurePrice>0.0286</UnitOfMeasurePrice><AllowDiscount>0</AllowDiscount><ItemStatus>1</ItemStatus><ItemPrice>12.30</ItemPrice></item><item><PriceUpdateDate>2016-05-01 12:01:34</PriceUpdateDate><ItemCode>7290000437842</ItemCode><ItemType>1</ItemType><ItemName>מיונז היינץ אמיתי 43</ItemName><ManufacturerName>היינץ</ManufacturerName><ManufactureCountry>ספרד</ManufactureCountry><ManufacturerItemDescription>גרנולה אגוזים   ק"ג</ManufacturerItemDescription><SoldByWeight/><Quantity>430.00</Quantity><UnitOfMeasure>גרם     </UnitOfMeasure><QtyInPackage>לא ידוע</QtyInPackage><UnitOfMeasurePrice>0.0286</UnitOfMeasurePrice><AllowDiscount>0</AllowDiscount><ItemStatus>1</ItemStatus><ItemPrice>12.30</ItemPrice></item><item><PriceUpdateDate>2016-03-16 13:06:41</PriceUpdateDate><ItemCode>7290000438320</ItemCode><ItemType>1</ItemType><ItemName>פאנטה אורנג' 1.5 ליט</ItemName><ManufacturerName>פאנטה אורנג</ManufacturerName><ManufactureCountry>ישראל</ManufactureCountry><ManufacturerItemDescription>פאנטה אורנג1.5 ל</ManufacturerItemDescription><SoldByWeight/><Quantity>1500.00</Quantity><UnitOfMeasure>מ"ל</UnitOfMeasure><QtyInPackage>לא ידוע</QtyInPackage><UnitOfMeasurePrice>0.0046</UnitOfMeasurePrice><AllowDiscount>1</AllowDiscount><ItemStatus>1</ItemStatus><ItemPrice>6.90</ItemPrice></item><item><PriceUpdateDate>2016-03-16 13:06:41</PriceUpdateDate><ItemCode>7290000438368</ItemCode><ItemType>1</ItemType><ItemName>פאנטה דיאט 1.5 ליטר</ItemName><ManufacturerName>דיאט פאנטה אורנג</ManufacturerName><ManufactureCountry>ישראל</ManufactureCountry><ManufacturerItemDescription>פאנטה אורנג דיאט1.5 ל</ManufacturerItemDescription><SoldByWeight/><Quantity>1500.00</Quantity><UnitOfMeasure>מ"ל</UnitOfMeasure><QtyInPackage>לא ידוע</QtyInPackage><UnitOfMeasurePrice>0.0046</UnitOfMeasurePrice><AllowDiscount>1</AllowDiscount><ItemStatus>1</ItemStatus><ItemPrice>6.90</ItemPrice></item><item><PriceUpdateDate>2016-05-01 12:01:35</PriceUpdateDate><ItemCode>7290000438788</ItemCode><ItemType>1</ItemType><ItemName>מרק קנור טעם עוף 400</ItemName><ManufacturerName>קנור</ManufacturerName><ManufactureCountry>ישראל</ManufactureCountry><ManufacturerItemDescription>מרקנור בטעם עוף קופסא400</ManufacturerItemDescription><SoldByWeight/><Quantity>400.00</Quantity><UnitOfMeasure>גרם     </UnitOfMeasure><QtyInPackage>לא ידוע</QtyInPackage><UnitOfMeasurePrice>0.0480</UnitOfMeasurePrice><AllowDiscount>1</AllowDiscount><ItemStatus>1</ItemStatus><ItemPrice>19.20</ItemPrice></item><item><PriceUpdateDate>2015-11-15 20:34:39</PriceUpdateDate><ItemCode>7290000439198</ItemCode><ItemType>1</ItemType><ItemName>מרק עוף אמיתי קנור ר</ItemName><ManufacturerName>קנור</ManufacturerName><ManufactureCountry>ישראל</ManufactureCountry><ManufacturerItemDescription>מרק עוף אמיתי רכיבים טבעי</ManufacturerItemDescription><SoldByWeight/><Quantity>400.00</Quantity><UnitOfMeasure>גרם     </UnitOfMeasure><QtyInPackage>לא ידוע</QtyInPackage><UnitOfMeasurePrice>0.0772</UnitOfMeasurePrice><AllowDiscount>1</AllowDiscount><ItemStatus>1</ItemStatus><ItemPrice>30.90</ItemPrice></item><item><PriceUpdateDate>2015-11-12 07:14:55</PriceUpdateDate><ItemCode>7290000439389</ItemCode><ItemType>1</ItemType><ItemName>שוקולד חלב+אגוזים  4</ItemName><ManufacturerName>פרה</ManufacturerName><ManufactureCountry>ישראל</ManufactureCountry><ManufacturerItemDescription>שוקולד חלב+אגוזים  4</ManufacturerItemDescription><SoldByWeight/><Quantity>400.00</Quantity><UnitOfMeasure>גרם     </UnitOfMeasure><QtyInPackage>לא ידוע</QtyInPackage><UnitOfMeasurePrice>0.0865</UnitOfMeasurePrice><AllowDiscount>1</AllowDiscount><ItemStatus>1</ItemStatus><ItemPrice>34.60</ItemPrice></item><item><PriceUpdateDate>2016-02-17 06:20:58</PriceUpdateDate><ItemCode>7290000439426</ItemCode><ItemType>1</ItemType><ItemName>שוקולד פרה קרם חלב 1</ItemName><ManufacturerName>פרה</ManufacturerName><ManufactureCountry>ישראל</ManufactureCountry><ManufacturerItemDescription>שוקולד פרה קרם חלב 100 גר</ManufacturerItemDescription><SoldByWeight/><Quantity>100.00</Quantity><UnitOfMeasure>גרם     </UnitOfMeasure><QtyInPackage>לא ידוע</QtyInPackage><UnitOfMeasurePrice>0.0690</UnitOfMeasurePrice><AllowDiscount>0</AllowDiscount><ItemStatus>1</ItemStatus><ItemPrice>6.90</ItemPrice></item><item><PriceUpdateDate>2016-02-17 06:20:58</PriceUpdateDate><ItemCode>7290000439440</ItemCode><ItemType>1</ItemType><ItemName>שוקולד פרה חלב אגוזי</ItemName><ManufacturerName>פרה</ManufacturerName><ManufactureCountry>ישראל</ManufactureCountry><ManufacturerItemDescription>שוקולד פרה חלב+אגוזים 100</ManufacturerItemDescription><SoldByWeight/><Quantity>100.00</Quantity><UnitOfMeasure>גרם     </UnitOfMeasure><QtyInPackage>לא ידוע</QtyInPackage><UnitOfMeasurePrice>0.0690</UnitOfMeasurePrice><AllowDiscount>0</AllowDiscount><ItemStatus>1</ItemStatus><ItemPrice>6.90</ItemPrice></item><item><PriceUpdateDate>2015-10-22 08:04:45</PriceUpdateDate><ItemCode>7290000439792</ItemCode><ItemType>1</ItemType><ItemName>יוגורט כד 7% תנובה 1</ItemName><ManufacturerName>יוגורט כדים תנובה</ManufacturerName><ManufactureCountry>ישראל</ManufactureCountry><ManufacturerItemDescription>יוגורט כד 7% תנובה 1</ManufacturerItemDescription><SoldByWeight/><Quantity>1500.00</Quantity><UnitOfMeasure>מ"ל</UnitOfMeasure><QtyInPackage>לא ידוע</QtyInPackage><UnitOfMeasurePrice>0.0117</UnitOfMeasurePrice><AllowDiscount>1</AllowDiscount><ItemStatus>1</ItemStatus><ItemPrice>17.50</ItemPrice></item><item><PriceUpdateDate>2016-02-15 07:37:43</PriceUpdateDate><ItemCode>7290000439808</ItemCode><ItemType>1</ItemType><ItemName>יופלה אננס 3% 150 גר</ItemName><ManufacturerName>יופלה</ManufacturerName><ManufactureCountry>ישראל</ManufactureCountry><ManufacturerItemDescription>יופלה אננס 150 3% מל</ManufacturerItemDescription><SoldByWeight/><Quantity>150.00</Quantity><UnitOfMeasure>גרם     </UnitOfMeasure><QtyInPackage>לא ידוע</QtyInPackage><UnitOfMeasurePrice>0.0353</UnitOfMeasurePrice><AllowDiscount>1</AllowDiscount><ItemStatus>1</ItemStatus><ItemPrice>5.30</ItemPrice></item><item><PriceUpdateDate>2015-10-13 11:27:30</PriceUpdateDate><ItemCode>7290000439822</ItemCode><ItemType>1</ItemType><ItemName>שוקו תנובה בשקית 225</ItemName><ManufacturerName>שוק</ManufacturerName><ManufactureCountry>ישראל</ManufactureCountry><ManufacturerItemDescription>שוקו שוק בשקית 225 מל</ManufacturerItemDescription><SoldByWeight/><Quantity>225.00</Quantity><UnitOfMeasure>מ"ל</UnitOfMeasure><QtyInPackage>לא ידוע</QtyInPackage><UnitOfMeasurePrice>0.0129</UnitOfMeasurePrice><AllowDiscount>1</AllowDiscount><ItemStatus>1</ItemStatus><ItemPrice>2.90</ItemPrice></item><item><PriceUpdateDate>2015-10-22 08:04:45</PriceUpdateDate><ItemCode>7290000439839</ItemCode><ItemType>1</ItemType><ItemName>מעדן קרלו וניל 1.5%</ItemName><ManufacturerName>קרלו</ManufacturerName><ManufactureCountry>ישראל</ManufactureCountry><ManufacturerItemDescription>קרלו מעדן וניל125 3%מל</ManufacturerItemDescription><SoldByWeight/><Quantity>125.00</Quantity><UnitOfMeasure>גרם     </UnitOfMeasure><QtyInPackage>לא ידוע</QtyInPackage><UnitOfMeasurePrice>0.0240</UnitOfMeasurePrice><AllowDiscount>1</AllowDiscount><ItemStatus>1</ItemStatus><ItemPrice>3.00</ItemPrice></item><item><PriceUpdateDate>2015-10-13 11:27:30</PriceUpdateDate><ItemCode>7290000439846</ItemCode><ItemType>1</ItemType><ItemName>מעדן קרלו שוקו 1.5%</ItemName><ManufacturerName>קרלו</ManufacturerName><ManufactureCountry>ישראל</ManufactureCountry><ManufacturerItemDescription>קרלו מעדן שוקו125 3% מל</ManufacturerItemDescription><SoldByWeight/><Quantity>125.00</Quantity><UnitOfMeasure>מ"ל</UnitOfMeasure><QtyInPackage>לא ידוע</QtyInPackage><UnitOfMeasurePrice>0.0240</UnitOfMeasurePrice><AllowDiscount>1</AllowDiscount><ItemStatus>1</ItemStatus><ItemPrice>3.00</ItemPrice></item><item><PriceUpdateDate>2015-10-13 11:27:30</PriceUpdateDate><ItemCode>7290000439853</ItemCode><ItemType>1</ItemType><ItemName>מעדן קרלו שוניל 1.5%</ItemName><ManufacturerName>קרלו</ManufacturerName><ManufactureCountry>ישראל</ManufactureCountry><ManufacturerItemDescription>קרלו מעדן שוניל 125 1.5%</ManufacturerItemDescription><SoldByWeight/><Quantity>125.00</Quantity><UnitOfMeasure>גרם     </UnitOfMeasure><QtyInPackage>לא ידוע</QtyInPackage><UnitOfMeasurePrice>0.0248</UnitOfMeasurePrice><AllowDiscount>1</AllowDiscount><ItemStatus>1</ItemStatus><ItemPrice>3.10</ItemPrice></item><item><PriceUpdateDate>2016-03-29 07:10:22</PriceUpdateDate><ItemCode>7290000439891</ItemCode><ItemType>1</ItemType><ItemName>שוקו תנובה בשקית מאר</ItemName><ManufacturerName>תנובה</ManufacturerName><ManufactureCountry>ישראל</ManufactureCountry><ManufacturerItemDescription>שוקו מאגדת שקיות 225*6 מל</ManufacturerItemDescription><SoldByWeight/><Quantity>1350.00</Quantity><UnitOfMeasure>מ"ל</UnitOfMeasure><QtyInPackage>לא ידוע</QtyInPackage><UnitOfMeasurePrice>0.0124</UnitOfMeasurePrice><AllowDiscount>1</AllowDiscount><ItemStatus>1</ItemStatus><ItemPrice>16.70</ItemPrice></item><item><PriceUpdateDate>2016-03-29 07:10:22</PriceUpdateDate><ItemCode>7290000439938</ItemCode><ItemType>1</ItemType><ItemName>גבינה בולגית 5% פירא</ItemName><ManufacturerName>פיראוס</ManufacturerName><ManufactureCountry>ישראל</ManufactureCountry><ManufacturerItemDescription>גבינה בולגרית פיראוס250-5</ManufacturerItemDescription><SoldByWeight/><Quantity>250.00</Quantity><UnitOfMeasure>גרם     </UnitOfMeasure><QtyInPackage>לא ידוע</QtyInPackage><UnitOfMeasurePrice>0.0908</UnitOfMeasurePrice><AllowDiscount>1</AllowDiscount><ItemStatus>1</ItemStatus><ItemPrice>22.70</ItemPrice></item><item><PriceUpdateDate>2016-02-15 07:37:43</PriceUpdateDate><ItemCode>7290000440002</ItemCode><ItemType>1</ItemType><ItemName>יופלה דיאט אפרסק 0%</ItemName><ManufacturerName>יופלה</ManufacturerName><ManufactureCountry>ישראל</ManufactureCountry><ManufacturerItemDescription>יופלה דיאט אפרסק 150 גרם</ManufacturerItemDescription><SoldByWeight/><Quantity>150.00</Quantity><UnitOfMeasure>גרם     </UnitOfMeasure><QtyInPackage>לא ידוע</QtyInPackage><UnitOfMeasurePrice>0.0353</UnitOfMeasurePrice><AllowDiscount>1</AllowDiscount><ItemStatus>1</ItemStatus><ItemPrice>5.30</ItemPrice></item><item><PriceUpdateDate>2016-05-01 12:01:38</PriceUpdateDate><ItemCode>7290000440026</ItemCode><ItemType>1</ItemType><ItemName>מאגדת יופלה3% אפרסק/</ItemName><ManufacturerName>יופלה</ManufacturerName><ManufactureCountry>ישראל</ManufactureCountry><ManufacturerItemDescription>מאגדת יופלה3% אפרסק/</ManufacturerItemDescription><SoldByWeight/><Quantity>2880.00</Quantity><UnitOfMeasure>מ"ל</UnitOfMeasure><QtyInPackage>לא ידוע</QtyInPackage><UnitOfMeasurePrice>0.0110</UnitOfMeasurePrice><AllowDiscount>1</AllowDiscount><ItemStatus>1</ItemStatus><ItemPrice>31.60</ItemPrice></item><item><PriceUpdateDate>2016-02-15 07:37:43</PriceUpdateDate><ItemCode>7290000440057</ItemCode><ItemType>1</ItemType><ItemName>יופלה עוגת גבינה 3%</ItemName><ManufacturerName>יופלה</ManufacturerName><ManufactureCountry>ישראל</ManufactureCountry><ManufacturerItemDescription>יופלה עוגת קרם גבינה ותות</ManufacturerItemDescription><SoldByWeight/><Quantity>150.00</Quantity><UnitOfMeasure>גרם     </UnitOfMeasure><QtyInPackage>לא ידוע</QtyInPackage><UnitOfMeasurePrice>0.0353</UnitOfMeasurePrice><AllowDiscount>1</AllowDiscount><ItemStatus>1</ItemStatus><ItemPrice>5.30</ItemPrice></item><item><PriceUpdateDate>2016-03-29 07:10:22</PriceUpdateDate><ItemCode>7290000440088</ItemCode><ItemType>1</ItemType><ItemName>קוביות בולגרית 5% פי</ItemName><ManufacturerName>פיראוס</ManufacturerName><ManufactureCountry>ישראל</ManufactureCountry><ManufacturerItemDescription>גבינה בולגרית קוביות פירא</ManufacturerItemDescription><SoldByWeight/><Quantity>200.00</Quantity><UnitOfMeasure>גרם     </UnitOfMeasure><QtyInPackage>לא ידוע</QtyInPackage><UnitOfMeasurePrice>0.1075</UnitOfMeasurePrice><AllowDiscount>1</AllowDiscount><ItemStatus>1</ItemStatus><ItemPrice>21.50</ItemPrice></item><item><PriceUpdateDate>2015-10-22 08:04:45</PriceUpdateDate><ItemCode>7290000440118</ItemCode><ItemType>1</ItemType><ItemName>גבינת עמק פתיתים 200</ItemName><ManufacturerName>שף לבן</ManufacturerName><ManufactureCountry>ישראל</ManufactureCountry><ManufacturerItemDescription>פתיתי עמק למאפים 200 גרם</ManufacturerItemDescription><SoldByWeight/><Quantity>200.00</Quantity><UnitOfMeasure>גרם     </UnitOfMeasure><QtyInPackage>לא ידוע</QtyInPackage><UnitOfMeasurePrice>0.0730</UnitOfMeasurePrice><AllowDiscount>1</AllowDiscount><ItemStatus>1</ItemStatus><ItemPrice>14.60</ItemPrice></item><item><PriceUpdateDate>2015-10-22 08:04:45</PriceUpdateDate><ItemCode>7290000440125</ItemCode><ItemType>1</ItemType><ItemName>גבינת פתיתי פרמזן לפ</ItemName><ManufacturerName>שף לבן</ManufacturerName><ManufactureCountry>ישראל</ManufactureCountry><ManufacturerItemDescription>פרמזן פתיתים100 גר</ManufacturerItemDescription><SoldByWeight/><Quantity>1000.00</Quantity><UnitOfMeasure>גרם     </UnitOfMeasure><QtyInPackage>לא ידוע</QtyInPackage><UnitOfMeasurePrice>0.0122</UnitOfMeasurePrice><AllowDiscount>1</AllowDiscount><ItemStatus>1</ItemStatus><ItemPrice>12.20</ItemPrice></item><item><PriceUpdateDate>2016-02-17 06:20:58</PriceUpdateDate><ItemCode>7290000440132</ItemCode><ItemType>1</ItemType><ItemName>צהובה גוש חלב 28% פר</ItemName><ManufacturerName>גוש חלב</ManufacturerName><ManufactureCountry>ישראל</ManufactureCountry><ManufacturerItemDescription>צהובה גוש חלב 28% פר</ManufacturerItemDescription><SoldByWeight/><Quantity>200.00</Quantity><UnitOfMeasure>גרם     </UnitOfMeasure><QtyInPackage>לא ידוע</QtyInPackage><UnitOfMeasurePrice>0.0695</UnitOfMeasurePrice><AllowDiscount>1</AllowDiscount><ItemStatus>1</ItemStatus><ItemPrice>13.90</ItemPrice></item><item><PriceUpdateDate>2015-09-30 23:47:37</PriceUpdateDate><ItemCode>7290000440149</ItemCode><ItemType>1</ItemType><ItemName>גבינה עמק פרוס 200 ג</ItemName><ManufacturerName>עמק</ManufacturerName><ManufactureCountry>ישראל</ManufactureCountry><ManufacturerItemDescription>גבינה עמק פרוס פתיחה חוזר</ManufacturerItemDescription><SoldByWeight/><Quantity>200.00</Quantity><UnitOfMeasure>גרם     </UnitOfMeasure><QtyInPackage>לא ידוע</QtyInPackage><UnitOfMeasurePrice>0.0765</UnitOfMeasurePrice><AllowDiscount>1</AllowDiscount><ItemStatus>1</ItemStatus><ItemPrice>15.30</ItemPrice></item><item><PriceUpdateDate>2015-10-13 11:27:30</PriceUpdateDate><ItemCode>7290000440163</ItemCode><ItemType>1</ItemType><ItemName>גבינת עמק לייט 9% 20</ItemName><ManufacturerName>עמק</ManufacturerName><ManufactureCountry>ישראל</ManufactureCountry><ManufacturerItemDescription>גבינה קשה עמק לייט200 9%</ManufacturerItemDescription><SoldByWeight/><Quantity>200.00</Quantity><UnitOfMeasure>גרם     </UnitOfMeasure><QtyInPackage>לא ידוע</QtyInPackage><UnitOfMeasurePrice>0.0835</UnitOfMeasurePrice><AllowDiscount>1</AllowDiscount><ItemStatus>1</ItemStatus><ItemPrice>16.70</ItemPrice></item><item><PriceUpdateDate>2015-10-13 11:27:30</PriceUpdateDate><ItemCode>7290000440187</ItemCode><ItemType>1</ItemType><ItemName>פתיתי עמק למאפה השף</ItemName><ManufacturerName>שף לבן</ManufacturerName><ManufactureCountry>ישראל</ManufactureCountry><ManufacturerItemDescription>פתיתי עמק למאפה השף</ManufacturerItemDescription><SoldByWeight/><Quantity>500.00</Quantity><UnitOfMeasure>גרם     </UnitOfMeasure><QtyInPackage>לא ידוע</QtyInPackage><UnitOfMeasurePrice>0.0668</UnitOfMeasurePrice><AllowDiscount>1</AllowDiscount><ItemStatus>1</ItemStatus><ItemPrice>33.40</ItemPrice></item><item><PriceUpdateDate>2015-10-22 08:04:46</PriceUpdateDate><ItemCode>7290000440224</ItemCode><ItemType>1</ItemType><ItemName>אצבעות עמק 172 גרם</ItemName><ManufacturerName>עמק</ManufacturerName><ManufactureCountry>ישראל</ManufactureCountry><ManufacturerItemDescription>אצבעות גבינה עמק 172 גרם</ManufacturerItemDescription><SoldByWeight/><Quantity>172.00</Quantity><UnitOfMeasure>גרם     </UnitOfMeasure><QtyInPackage>לא ידוע</QtyInPackage><UnitOfMeasurePrice>0.0959</UnitOfMeasurePrice><AllowDiscount>1</AllowDiscount><ItemStatus>1</ItemStatus><ItemPrice>16.50</ItemPrice></item><item><PriceUpdateDate>2015-09-30 23:47:37</PriceUpdateDate><ItemCode>7290000440279</ItemCode><ItemType>1</ItemType><ItemName>גבינה לבנה רכה 5% לל</ItemName><ManufacturerName>גבינות תנובה</ManufacturerName><ManufactureCountry>ישראל</ManufactureCountry><ManufacturerItemDescription>גבינה לבנה רכה 5% לל</ManufacturerItemDescription><SoldByWeight/><Quantity>250.00</Quantity><UnitOfMeasure>גרם     </UnitOfMeasure><QtyInPackage>לא ידוע</QtyInPackage><UnitOfMeasurePrice>0.0192</UnitOfMeasurePrice><AllowDiscount>1</AllowDiscount><ItemStatus>1</ItemStatus><ItemPrice>4.80</ItemPrice></item><item><PriceUpdateDate>2016-02-15 07:37:43</PriceUpdateDate><ItemCode>7290000440309</ItemCode><ItemType>1</ItemType><ItemName>יופלה דיאט תות 0% 15</ItemName><ManufacturerName>יופלה</ManufacturerName><ManufactureCountry>ישראל</ManufactureCountry><ManufacturerItemDescription>יופלה דיאט תות 150 מל</ManufacturerItemDescription><SoldByWeight/><Quantity>150.00</Quantity><UnitOfMeasure>גרם     </UnitOfMeasure><QtyInPackage>לא ידוע</QtyInPackage><UnitOfMeasurePrice>0.0353</UnitOfMeasurePrice><AllowDiscount>1</AllowDiscount><ItemStatus>1</ItemStatus><ItemPrice>5.30</ItemPrice></item><item><PriceUpdateDate>2016-02-15 07:37:43</PriceUpdateDate><ItemCode>7290000440347</ItemCode><ItemType>1</ItemType><ItemName>יופלה פירות יבשים 4%</ItemName><ManufacturerName>יופלה</ManufacturerName><ManufactureCountry>ישראל</ManufactureCountry><ManufacturerItemDescription>יופלה פירות יבשים 150 4%</ManufacturerItemDescription><SoldByWeight/><Quantity>150.00</Quantity><UnitOfMeasure>גרם     </UnitOfMeasure><QtyInPackage>לא ידוע</QtyInPackage><UnitOfMeasurePrice>0.0353</UnitOfMeasurePrice><AllowDiscount>1</AllowDiscount><ItemStatus>1</ItemStatus><ItemPrice>5.30</ItemPrice></item><item><PriceUpdateDate>2015-10-13 11:27:30</PriceUpdateDate><ItemCode>7290000440354</ItemCode><ItemType>1</ItemType><ItemName>שמנת תנובה 9% שומן</ItemName><ManufacturerName>חלב תנובה</ManufacturerName><ManufactureCountry>ישראל</ManufactureCountry><ManufacturerItemDescription>שמנת תנובה 200 9% מל</ManufacturerItemDescription><SoldByWeight/><Quantity>200.00</Quantity><UnitOfMeasure>מ"ל</UnitOfMeasure><QtyInPackage>לא ידוע</QtyInPackage><UnitOfMeasurePrice>0.0185</UnitOfMeasurePrice><AllowDiscount>1</AllowDiscount><ItemStatus>1</ItemStatus><ItemPrice>3.70</ItemPrice></item><item><PriceUpdateDate>2016-02-11 11:10:54</PriceUpdateDate><ItemCode>7290000440361</ItemCode><ItemType>1</ItemType><ItemName>אשל לבן 4.5% 200 מ"ל</ItemName><ManufacturerName>אשל</ManufacturerName><ManufactureCountry>ישראל</ManufactureCountry><ManufacturerItemDescription>שלי אשל200 מל מהדרין פיקו</ManufacturerItemDescription><SoldByWeight/><Quantity>200.00</Quantity><UnitOfMeasure>מ"ל</UnitOfMeasure><QtyInPackage>לא ידוע</QtyInPackage><UnitOfMeasurePrice>0.0078</UnitOfMeasurePrice><AllowDiscount>1</AllowDiscount><ItemStatus>1</ItemStatus><ItemPrice>1.55</ItemPrice></item><item><PriceUpdateDate>2016-02-11 11:10:54</PriceUpdateDate><ItemCode>7290000440378</ItemCode><ItemType>1</ItemType><ItemName>גיל לבן 3% 200 מ"ל ת</ItemName><ManufacturerName>גיל</ManufacturerName><ManufactureCountry>ישראל</ManufactureCountry><ManufacturerItemDescription>שלי גיל200 מל    פיקוח</ManufacturerItemDescription><SoldByWeight/><Quantity>200.00</Quantity><UnitOfMeasure>מ"ל</UnitOfMeasure><QtyInPackage>לא ידוע</QtyInPackage><UnitOfMeasurePrice>0.0070</UnitOfMeasurePrice><AllowDiscount>1</AllowDiscount><ItemStatus>1</ItemStatus><ItemPrice>1.40</ItemPrice></item><item><PriceUpdateDate>2016-02-11 11:10:54</PriceUpdateDate><ItemCode>7290000440385</ItemCode><ItemType>1</ItemType><ItemName>שמנת תנובה 15% 200 מ</ItemName><ManufacturerName>חלב תנובה</ManufacturerName><ManufactureCountry>ישראל</ManufactureCountry><ManufacturerItemDescription>שמנת תנובה200 15% מל  פיק</ManufacturerItemDescription><SoldByWeight/><Quantity>200.00</Quantity><UnitOfMeasure>מ"ל</UnitOfMeasure><QtyInPackage>לא ידוע</QtyInPackage><UnitOfMeasurePrice>0.0110</UnitOfMeasurePrice><AllowDiscount>1</AllowDiscount><ItemStatus>1</ItemStatus><ItemPrice>2.20</ItemPrice></item><item><PriceUpdateDate>2015-07-24 07:07:37</PriceUpdateDate><ItemCode>7290000440408</ItemCode><ItemType>1</ItemType><ItemName>שמנת אורגינל 15% חצי</ItemName><ManufacturerName>חלב תנובה</ManufacturerName><ManufactureCountry>ישראל</ManufactureCountry><ManufacturerItemDescription>שמנת תנובה 15% חצי מנה 10</ManufacturerItemDescription><SoldByWeight/><Quantity>100.00</Quantity><UnitOfMeasure>מ"ל</UnitOfMeasure><QtyInPackage>לא ידוע</QtyInPackage><UnitOfMeasurePrice>0.0190</UnitOfMeasurePrice><AllowDiscount>1</AllowDiscount><ItemStatus>1</ItemStatus><ItemPrice>1.90</ItemPrice></item><item><PriceUpdateDate>2016-03-16 14:00:57</PriceUpdateDate><ItemCode>7290000440415</ItemCode><ItemType>1</ItemType><ItemName>משקה סויה מעושר בסיד</ItemName><ManufacturerName>סו תנובה</ManufacturerName><ManufactureCountry>ישראל</ManufactureCountry><ManufacturerItemDescription>משקה סויה מועשר בסידן 1 ל</ManufacturerItemDescription><SoldByWeight/><Quantity>1000.00</Quantity><UnitOfMeasure>מ"ל</UnitOfMeasure><QtyInPackage>לא ידוע</QtyInPackage><UnitOfMeasurePrice>0.0105</UnitOfMeasurePrice><AllowDiscount>0</AllowDiscount><ItemStatus>1</ItemStatus><ItemPrice>10.50</ItemPrice></item><item><PriceUpdateDate>2016-03-16 14:00:57</PriceUpdateDate><ItemCode>7290000440422</ItemCode><ItemType>1</ItemType><ItemName>משקה סויה על הבוקר 1</ItemName><ManufacturerName>סו תנובה</ManufacturerName><ManufactureCountry>ישראל</ManufactureCountry><ManufacturerItemDescription>משקה סויה על הבוקר וניל 1</ManufacturerItemDescription><SoldByWeight/><Quantity>1000.00</Quantity><UnitOfMeasure>מ"ל</UnitOfMeasure><QtyInPackage>לא ידוע</QtyInPackage><UnitOfMeasurePrice>0.0105</UnitOfMeasurePrice><AllowDiscount>0</AllowDiscount><ItemStatus>1</ItemStatus><ItemPrice>10.50</ItemPrice></item><item><PriceUpdateDate>2016-02-17 06:20:58</PriceUpdateDate><ItemCode>7290000440446</ItemCode><ItemType>1</ItemType><ItemName>שמנת לבישול15% השף ה</ItemName><ManufacturerName>שף לבן</ManufacturerName><ManufactureCountry>ישראל</ManufactureCountry><ManufacturerItemDescription>שמנת לבישול 250 15% מל</ManufacturerItemDescription><SoldByWeight/><Quantity>250.00</Quantity><UnitOfMeasure>מ"ל</UnitOfMeasure><QtyInPackage>לא ידוע</QtyInPackage><UnitOfMeasurePrice>0.0376</UnitOfMeasurePrice><AllowDiscount>1</AllowDiscount><ItemStatus>1</ItemStatus><ItemPrice>9.40</ItemPrice></item><item><PriceUpdateDate>2016-02-25 06:59:49</PriceUpdateDate><ItemCode>7290000440453</ItemCode><ItemType>1</ItemType><ItemName>שמנת להקצפה 32% 250</ItemName><ManufacturerName>שף לבן</ManufacturerName><ManufactureCountry>ישראל</ManufactureCountry><ManufacturerItemDescription>שמנת להקצפה 250 - 32% מל</ManufacturerItemDescription><SoldByWeight/><Quantity>250.00</Quantity><UnitOfMeasure>מ"ל</UnitOfMeasure><QtyInPackage>לא ידוע</QtyInPackage><UnitOfMeasurePrice>0.0276</UnitOfMeasurePrice><AllowDiscount>1</AllowDiscount><ItemStatus>1</ItemStatus><ItemPrice>6.90</ItemPrice></item><item><PriceUpdateDate>2016-02-17 06:20:58</PriceUpdateDate><ItemCode>7290000440460</ItemCode><ItemType>1</ItemType><ItemName>עמק פרוס בקופסא 400</ItemName><ManufacturerName>עמק</ManufacturerName><ManufactureCountry>ישראל</ManufactureCountry><ManufacturerItemDescription>גבינהקשה עמק 400 28% גרם</ManufacturerItemDescription><SoldByWeight/><Quantity>400.00</Quantity><UnitOfMeasure>גרם     </UnitOfMeasure><QtyInPackage>לא ידוע</QtyInPackage><UnitOfMeasurePrice>0.0722</UnitOfMeasurePrice><AllowDiscount>1</AllowDiscount><ItemStatus>1</ItemStatus><ItemPrice>28.90</ItemPrice></item><item><PriceUpdateDate>2016-02-15 07:37:43</PriceUpdateDate><ItemCode>7290000440514</ItemCode><ItemType>1</ItemType><ItemName>יופלה דיאט פירות יער</ItemName><ManufacturerName>יופלה</ManufacturerName><ManufactureCountry>ישראל</ManufactureCountry><ManufacturerItemDescription>יופלה דיאט פירות יער 150</ManufacturerItemDescription><SoldByWeight/><Quantity>150.00</Quantity><UnitOfMeasure>גרם     </UnitOfMeasure><QtyInPackage>לא ידוע</QtyInPackage><UnitOfMeasurePrice>0.0353</UnitOfMeasurePrice><AllowDiscount>1</AllowDiscount><ItemStatus>1</ItemStatus><ItemPrice>5.30</ItemPrice></item><item><PriceUpdateDate>2016-05-01 10:18:59</PriceUpdateDate><ItemCode>7290000440521</ItemCode><ItemType>1</ItemType><ItemName>מב שוקו תנובה 250 מ"</ItemName><ManufacturerName>שוק</ManufacturerName><ManufactureCountry>ישראל</ManufactureCountry><ManufacturerItemDescription>שוקו בקבוק 250 מל מהדרין</ManufacturerItemDescription><SoldByWeight/><Quantity>250.00</Quantity><UnitOfMeasure>מ"ל</UnitOfMeasure><QtyInPackage>לא ידוע</QtyInPackage><UnitOfMeasurePrice>0.0156</UnitOfMeasurePrice><AllowDiscount>1</AllowDiscount><ItemStatus>1</ItemStatus><ItemPrice>3.90</ItemPrice></item><item><PriceUpdateDate>2015-11-13 10:56:28</PriceUpdateDate><ItemCode>7290000440538</ItemCode><ItemType>1</ItemType><ItemName>קוטג' 3% מהדרין 250</ItemName><ManufacturerName>קוטג תנובה</ManufacturerName><ManufactureCountry>ישראל</ManufactureCountry><ManufacturerItemDescription>קוטג 250 3% גרם</ManufacturerItemDescription><SoldByWeight/><Quantity>250.00</Quantity><UnitOfMeasure>גרם     </UnitOfMeasure><QtyInPackage>לא ידוע</QtyInPackage><UnitOfMeasurePrice>0.0228</UnitOfMeasurePrice><AllowDiscount>1</AllowDiscount><ItemStatus>1</ItemStatus><ItemPrice>5.70</ItemPrice></item><item><PriceUpdateDate>2015-09-30 23:47:37</PriceUpdateDate><ItemCode>7290000440545</ItemCode><ItemType>1</ItemType><ItemName>קוטג' 5% מהדרין 250</ItemName><ManufacturerName>קוטג תנובה</ManufacturerName><ManufactureCountry>ישראל</ManufactureCountry><ManufacturerItemDescription>קוטג250 5% גר.בעלז</ManufacturerItemDescription><SoldByWeight/><Quantity>250.00</Quantity><UnitOfMeasure>גרם     </UnitOfMeasure><QtyInPackage>לא ידוע</QtyInPackage><UnitOfMeasurePrice>0.0228</UnitOfMeasurePrice><AllowDiscount>1</AllowDiscount><ItemStatus>1</ItemStatus><ItemPrice>5.70</ItemPrice></item><item><PriceUpdateDate>2015-11-13 10:56:28</PriceUpdateDate><ItemCode>7290000440552</ItemCode><ItemType>1</ItemType><ItemName>קוטג' 9% 250 גרם תנו</ItemName><ManufacturerName>קוטג תנובה</ManufacturerName><ManufactureCountry>ישראל</ManufactureCountry><ManufacturerItemDescription>קוטג250 9% גרם בעלז</ManufacturerItemDescription><SoldByWeight/><Quantity>250.00</Quantity><UnitOfMeasure>גרם     </UnitOfMeasure><QtyInPackage>לא ידוע</QtyInPackage><UnitOfMeasurePrice>0.0228</UnitOfMeasurePrice><AllowDiscount>1</AllowDiscount><ItemStatus>1</ItemStatus><ItemPrice>5.70</ItemPrice></item><item><PriceUpdateDate>2016-02-11 11:10:54</PriceUpdateDate><ItemCode>7290000440583</ItemCode><ItemType>1</ItemType><ItemName>גבינה לבנה 5% 500 גר</ItemName><ManufacturerName>גבינות תנובה</ManufacturerName><ManufactureCountry>ישראל</ManufactureCountry><ManufacturerItemDescription>גבינה למריחה 500 5% גרם</ManufacturerItemDescription><SoldByWeight/><Quantity>500.00</Quantity><UnitOfMeasure>גרם     </UnitOfMeasure><QtyInPackage>לא ידוע</QtyInPackage><UnitOfMeasurePrice>0.0184</UnitOfMeasurePrice><AllowDiscount>1</AllowDiscount><ItemStatus>1</ItemStatus><ItemPrice>9.20</ItemPrice></item><item><PriceUpdateDate>2015-10-13 11:27:30</PriceUpdateDate><ItemCode>7290000440590</ItemCode><ItemType>1</ItemType><ItemName>גבינה לבנה 9% 500 גר</ItemName><ManufacturerName>גבינות תנובה</ManufacturerName><ManufactureCountry>ישראל</ManufactureCountry><ManufacturerItemDescription>גבינה לבנה 9% 500 גר</ManufacturerItemDescription><SoldByWeight/><Quantity>500.00</Quantity><UnitOfMeasure>גרם     </UnitOfMeasure><QtyInPackage>לא ידוע</QtyInPackage><UnitOfMeasurePrice>0.0198</UnitOfMeasurePrice><AllowDiscount>1</AllowDiscount><ItemStatus>1</ItemStatus><ItemPrice>9.90</ItemPrice></item><item><PriceUpdateDate>2016-02-11 11:10:54</PriceUpdateDate><ItemCode>7290000440606</ItemCode><ItemType>1</ItemType><ItemName>גבינה לבנה 5% 750 גר</ItemName><ManufacturerName>גבינות תנובה</ManufacturerName><ManufactureCountry>ישראל</ManufactureCountry><ManufacturerItemDescription>גבינה לבנה 5% 750 גר</ManufacturerItemDescription><SoldByWeight/><Quantity>750.00</Quantity><UnitOfMeasure>גרם     </UnitOfMeasure><QtyInPackage>לא ידוע</QtyInPackage><UnitOfMeasurePrice>0.0184</UnitOfMeasurePrice><AllowDiscount>1</AllowDiscount><ItemStatus>1</ItemStatus><ItemPrice>13.80</ItemPrice></item><item><PriceUpdateDate>2015-10-22 08:04:46</PriceUpdateDate><ItemCode>7290000440620</ItemCode><ItemType>1</ItemType><ItemName>גבינה לבנה 1/2% 500</ItemName><ManufacturerName>גבינות תנובה</ManufacturerName><ManufactureCountry>ישראל</ManufactureCountry><ManufacturerItemDescription>גבינה לבנה 1/2% 500</ManufacturerItemDescription><SoldByWeight/><Quantity>500.00</Quantity><UnitOfMeasure>גרם     </UnitOfMeasure><QtyInPackage>לא ידוע</QtyInPackage><UnitOfMeasurePrice>0.0198</UnitOfMeasurePrice><AllowDiscount>1</AllowDiscount><ItemStatus>1</ItemStatus><ItemPrice>9.90</ItemPrice></item><item><PriceUpdateDate>2015-11-13 10:56:44</PriceUpdateDate><ItemCode>7290000440705</ItemCode><ItemType>1</ItemType><ItemName>לאבנה פיראוס 500 גרם</ItemName><ManufacturerName>פיראוס</ManufacturerName><ManufactureCountry>ישראל</ManufactureCountry><ManufacturerItemDescription>לאבנה פיראוס 500 גרם</ManufacturerItemDescription><SoldByWeight/><Quantity>500.00</Quantity><UnitOfMeasure>גרם     </UnitOfMeasure><QtyInPackage>לא ידוע</QtyInPackage><UnitOfMeasurePrice>0.0406</UnitOfMeasurePrice><AllowDiscount>1</AllowDiscount><ItemStatus>1</ItemStatus><ItemPrice>20.30</ItemPrice></item><item><PriceUpdateDate>2016-05-01 12:01:38</PriceUpdateDate><ItemCode>7290000440712</ItemCode><ItemType>1</ItemType><ItemName>גבינת קרם שמנת 5% טע</ItemName><ManufacturerName>גבינות תנובה</ManufacturerName><ManufactureCountry>ישראל</ManufactureCountry><ManufacturerItemDescription>גבינת שמנת 200 5% גרם</ManufacturerItemDescription><SoldByWeight/><Quantity>200.00</Quantity><UnitOfMeasure>גרם     </UnitOfMeasure><QtyInPackage>לא ידוע</QtyInPackage><UnitOfMeasurePrice>0.0610</UnitOfMeasurePrice><AllowDiscount>1</AllowDiscount><ItemStatus>1</ItemStatus><ItemPrice>12.20</ItemPrice></item><item><PriceUpdateDate>2016-05-01 12:01:38</PriceUpdateDate><ItemCode>7290000440729</ItemCode><ItemType>1</ItemType><ItemName>גבינת קרם שמנת 5% עם</ItemName><ManufacturerName>גבינות תנובה</ManufacturerName><ManufactureCountry>ישראל</ManufactureCountry><ManufacturerItemDescription>גבינת שמנת 5% זיתים 200 ג</ManufacturerItemDescription><SoldByWeight/><Quantity>200.00</Quantity><UnitOfMeasure>גרם     </UnitOfMeasure><QtyInPackage>לא ידוע</QtyInPackage><UnitOfMeasurePrice>0.0610</UnitOfMeasurePrice><AllowDiscount>1</AllowDiscount><ItemStatus>1</ItemStatus><ItemPrice>12.20</ItemPrice></item><item><PriceUpdateDate>2015-10-22 08:04:46</PriceUpdateDate><ItemCode>7290000440750</ItemCode><ItemType>1</ItemType><ItemName>פתיתים מיוחדים לפיצה</ItemName><ManufacturerName>שף לבן</ManufacturerName><ManufactureCountry>ישראל</ManufactureCountry><ManufacturerItemDescription>פתיתים מיוחדים לפיצה</ManufacturerItemDescription><SoldByWeight/><Quantity>500.00</Quantity><UnitOfMeasure>גרם     </UnitOfMeasure><QtyInPackage>לא ידוע</QtyInPackage><UnitOfMeasurePrice>0.0446</UnitOfMeasurePrice><AllowDiscount>1</AllowDiscount><ItemStatus>1</ItemStatus><ItemPrice>22.30</ItemPrice></item><item><PriceUpdateDate>2016-03-14 07:34:21</PriceUpdateDate><ItemCode>7290000440774</ItemCode><ItemType>1</ItemType><ItemName>גבינת נפוליאון טבעי</ItemName><ManufacturerName>נפוליאון</ManufacturerName><ManufactureCountry>ישראל</ManufactureCountry><ManufacturerItemDescription>גבינהשמנ.נפולאון טעם טבעי</ManufacturerItemDescription><SoldByWeight/><Quantity>225.00</Quantity><UnitOfMeasure>גרם     </UnitOfMeasure><QtyInPackage>לא ידוע</QtyInPackage><UnitOfMeasurePrice>0.0631</UnitOfMeasurePrice><AllowDiscount>1</AllowDiscount><ItemStatus>1</ItemStatus><ItemPrice>14.20</ItemPrice></item><item><PriceUpdateDate>2016-03-14 07:34:21</PriceUpdateDate><ItemCode>7290000440781</ItemCode><ItemType>1</ItemType><ItemName>גבינת נפוליאון בטעם</ItemName><ManufacturerName>נפוליאון</ManufacturerName><ManufactureCountry>ישראל</ManufactureCountry><ManufacturerItemDescription>גבינהשמנ.נפולאון זיתים 22</ManufacturerItemDescription><SoldByWeight/><Quantity>225.00</Quantity><UnitOfMeasure>גרם     </UnitOfMeasure><QtyInPackage>לא ידוע</QtyInPackage><UnitOfMeasurePrice>0.0631</UnitOfMeasurePrice><AllowDiscount>1</AllowDiscount><ItemStatus>1</ItemStatus><ItemPrice>14.20</ItemPrice></item><item><PriceUpdateDate>2016-03-14 07:34:21</PriceUpdateDate><ItemCode>7290000440798</ItemCode><ItemType>1</ItemType><ItemName>גבינת נפוליאון בטעם</ItemName><ManufacturerName>נפוליאון</ManufacturerName><ManufactureCountry>ישראל</ManufactureCountry><ManufacturerItemDescription>גבינהשמנ.נפולאון שום שמיר</ManufacturerItemDescription><SoldByWeight/><Quantity>225.00</Quantity><UnitOfMeasure>גרם     </UnitOfMeasure><QtyInPackage>לא ידוע</QtyInPackage><UnitOfMeasurePrice>0.0631</UnitOfMeasurePrice><AllowDiscount>1</AllowDiscount><ItemStatus>1</ItemStatus><ItemPrice>14.20</ItemPrice></item><item><PriceUpdateDate>2015-10-13 11:27:31</PriceUpdateDate><ItemCode>7290000440842</ItemCode><ItemType>1</ItemType><ItemName>יופלה עם פצפוצי שוקו</ItemName><ManufacturerName>יופלה</ManufacturerName><ManufactureCountry>ישראל</ManufactureCountry><ManufacturerItemDescription>יופלה 3% פצפוצים מכסה מעל</ManufacturerItemDescription><SoldByWeight/><Quantity>167.00</Quantity><UnitOfMeasure>גרם     </UnitOfMeasure><QtyInPackage>לא ידוע</QtyInPackage><UnitOfMeasurePrice>0.0341</UnitOfMeasurePrice><AllowDiscount>1</AllowDiscount><ItemStatus>1</ItemStatus><ItemPrice>5.70</ItemPrice></item><item><PriceUpdateDate>2015-10-13 11:27:31</PriceUpdateDate><ItemCode>7290000440859</ItemCode><ItemType>1</ItemType><ItemName>יופלה לבן מעודן 1.5%</ItemName><ManufacturerName>יופלה</ManufacturerName><ManufactureCountry>ישראל</ManufactureCountry><ManufacturerItemDescription>יוגורט יופלה לבן 1.5% מעו</ManufacturerItemDescription><SoldByWeight/><Quantity>200.00</Quantity><UnitOfMeasure>מ"ל</UnitOfMeasure><QtyInPackage>לא ידוע</QtyInPackage><UnitOfMeasurePrice>0.0225</UnitOfMeasurePrice><AllowDiscount>1</AllowDiscount><ItemStatus>1</ItemStatus><ItemPrice>4.50</ItemPrice></item><item><PriceUpdateDate>2015-10-13 11:27:31</PriceUpdateDate><ItemCode>7290000440866</ItemCode><ItemType>1</ItemType><ItemName>מאגדת יופלה 3% לבן 8</ItemName><ManufacturerName>יופלה</ManufacturerName><ManufactureCountry>ישראל</ManufactureCountry><ManufacturerItemDescription>מאגדת יופלה 3% לבן 8</ManufacturerItemDescription><SoldByWeight/><Quantity>1200.00</Quantity><UnitOfMeasure>גרם     </UnitOfMeasure><QtyInPackage>לא ידוע</QtyInPackage><UnitOfMeasurePrice>0.0154</UnitOfMeasurePrice><AllowDiscount>1</AllowDiscount><ItemStatus>1</ItemStatus><ItemPrice>18.50</ItemPrice></item><item><PriceUpdateDate>2016-03-16 14:00:57</PriceUpdateDate><ItemCode>7290000440897</ItemCode><ItemType>1</ItemType><ItemName>משקה סויה מועשר בטעם</ItemName><ManufacturerName>סו תנובה</ManufacturerName><ManufactureCountry>ישראל</ManufactureCountry><ManufacturerItemDescription>משקה סויה מועשר מופחת מתי</ManufacturerItemDescription><SoldByWeight/><Quantity>1000.00</Quantity><UnitOfMeasure>מ"ל</UnitOfMeasure><QtyInPackage>לא ידוע</QtyInPackage><UnitOfMeasurePrice>0.0105</UnitOfMeasurePrice><AllowDiscount>0</AllowDiscount><ItemStatus>1</ItemStatus><ItemPrice>10.50</ItemPrice></item><item><PriceUpdateDate>2016-02-15 07:37:43</PriceUpdateDate><ItemCode>7290000440910</ItemCode><ItemType>1</ItemType><ItemName>יופלה פירות יער בשמנ</ItemName><ManufacturerName>יופלה</ManufacturerName><ManufactureCountry>ישראל</ManufactureCountry><ManufacturerItemDescription>יופלה פירות יער שמנת</ManufacturerItemDescription><SoldByWeight/><Quantity>150.00</Quantity><UnitOfMeasure>גרם     </UnitOfMeasure><QtyInPackage>לא ידוע</QtyInPackage><UnitOfMeasurePrice>0.0353</UnitOfMeasurePrice><AllowDiscount>1</AllowDiscount><ItemStatus>1</ItemStatus><ItemPrice>5.30</ItemPrice></item><item><PriceUpdateDate>2015-10-22 08:04:46</PriceUpdateDate><ItemCode>7290000440972</ItemCode><ItemType>1</ItemType><ItemName>גבינה לבנה 3% 500 גר</ItemName><ManufacturerName>גבינות תנובה</ManufacturerName><ManufactureCountry>ישראל</ManufactureCountry><ManufacturerItemDescription>גבינה לבנה 3% 500 גר</ManufacturerItemDescription><SoldByWeight/><Quantity>500.00</Quantity><UnitOfMeasure>גרם     </UnitOfMeasure><QtyInPackage>לא ידוע</QtyInPackage><UnitOfMeasurePrice>0.0198</UnitOfMeasurePrice><AllowDiscount>1</AllowDiscount><ItemStatus>1</ItemStatus><ItemPrice>9.90</ItemPrice></item><item><PriceUpdateDate>2016-03-16 14:00:57</PriceUpdateDate><ItemCode>7290000440996</ItemCode><ItemType>1</ItemType><ItemName>יופלה ביו 3% לבן 200</ItemName><ManufacturerName>יופלה</ManufacturerName><ManufactureCountry>ישראל</ManufactureCountry><ManufacturerItemDescription>יוגורט יופלה לבן 200 3% ג</ManufacturerItemDescription><SoldByWeight/><Quantity>200.00</Quantity><UnitOfMeasure>גרם     </UnitOfMeasure><QtyInPackage>לא ידוע</QtyInPackage><UnitOfMeasurePrice>0.0185</UnitOfMeasurePrice><AllowDiscount>1</AllowDiscount><ItemStatus>1</ItemStatus><ItemPrice>3.70</ItemPrice></item><item><PriceUpdateDate>2015-10-22 08:04:46</PriceUpdateDate><ItemCode>7290000441009</ItemCode><ItemType>1</ItemType><ItemName>יופלה ביו 1.5% לבן 2</ItemName><ManufacturerName>יופלה</ManufacturerName><ManufactureCountry>ישראל</ManufactureCountry><ManufacturerItemDescription>יוגורט יופלה לבן 200 1.5%</ManufacturerItemDescription><SoldByWeight/><Quantity>200.00</Quantity><UnitOfMeasure>גרם     </UnitOfMeasure><QtyInPackage>לא ידוע</QtyInPackage><UnitOfMeasurePrice>0.0200</UnitOfMeasurePrice><AllowDiscount>1</AllowDiscount><ItemStatus>1</ItemStatus><ItemPrice>4.00</ItemPrice></item><item><PriceUpdateDate>2016-05-01 12:01:38</PriceUpdateDate><ItemCode>7290000441030</ItemCode><ItemType>1</ItemType><ItemName>מב שוקו תנובה 1 ליטר</ItemName><ManufacturerName>שוק</ManufacturerName><ManufactureCountry>ישראל</ManufactureCountry><ManufacturerItemDescription>שוקו תנובה בקבוק 1 ליטר</ManufacturerItemDescription><SoldByWeight/><Quantity>1000.00</Quantity><UnitOfMeasure>מ"ל</UnitOfMeasure><QtyInPackage>לא ידוע</QtyInPackage><UnitOfMeasurePrice>0.0089</UnitOfMeasurePrice><AllowDiscount>1</AllowDiscount><ItemStatus>1</ItemStatus><ItemPrice>8.90</ItemPrice></item><item><PriceUpdateDate>2016-02-14 06:39:51</PriceUpdateDate><ItemCode>7290000441108</ItemCode><ItemType>1</ItemType><ItemName>חלב לקפה3.5% שומן 80</ItemName><ManufacturerName>חלב תנובה</ManufacturerName><ManufactureCountry>ישראל</ManufactureCountry><ManufacturerItemDescription>חלב פלוס לקפה  800 3.5% מ</ManufacturerItemDescription><SoldByWeight/><Quantity>800.00</Quantity><UnitOfMeasure>מ"ל</UnitOfMeasure><QtyInPackage>לא ידוע</QtyInPackage><UnitOfMeasurePrice>0.0086</UnitOfMeasurePrice><AllowDiscount>1</AllowDiscount><ItemStatus>1</ItemStatus><ItemPrice>6.90</ItemPrice></item><item><PriceUpdateDate>2016-03-16 14:00:57</PriceUpdateDate><ItemCode>7290000441146</ItemCode><ItemType>1</ItemType><ItemName>חלב סויה טבעי 1 ליטר</ItemName><ManufacturerName>סו תנובה</ManufacturerName><ManufactureCountry>ישראל</ManufactureCountry><ManufacturerItemDescription>משקה סויה דיאט 1 ליטר</ManufacturerItemDescription><SoldByWeight/><Quantity>1000.00</Quantity><UnitOfMeasure>מ"ל</UnitOfMeasure><QtyInPackage>לא ידוע</QtyInPackage><UnitOfMeasurePrice>0.0105</UnitOfMeasurePrice><AllowDiscount>0</AllowDiscount><ItemStatus>1</ItemStatus><ItemPrice>10.50</ItemPrice></item><item><PriceUpdateDate>2015-11-13 10:56:44</PriceUpdateDate><ItemCode>7290000441238</ItemCode><ItemType>1</ItemType><ItemName>יופלה לבןעם גרנולה 1</ItemName><ManufacturerName>יופלה</ManufacturerName><ManufactureCountry>ישראל</ManufactureCountry><ManufacturerItemDescription>יופלה לבן+1.5% גרנולה מכס</ManufacturerItemDescription><SoldByWeight/><Quantity>170.00</Quantity><UnitOfMeasure>מ"ל</UnitOfMeasure><QtyInPackage>לא ידוע</QtyInPackage><UnitOfMeasurePrice>0.0353</UnitOfMeasurePrice><AllowDiscount>1</AllowDiscount><ItemStatus>1</ItemStatus><ItemPrice>6.00</ItemPrice></item><item><PriceUpdateDate>2015-10-22 08:04:46</PriceUpdateDate><ItemCode>7290000441245</ItemCode><ItemType>1</ItemType><ItemName>יופלה ביו דיאט 0% לב</ItemName><ManufacturerName>יופלה</ManufacturerName><ManufactureCountry>ישראל</ManufactureCountry><ManufacturerItemDescription>יופלה לבן דיאט 200 ג</ManufacturerItemDescription><SoldByWeight/><Quantity>200.00</Quantity><UnitOfMeasure>גרם     </UnitOfMeasure><QtyInPackage>לא ידוע</QtyInPackage><UnitOfMeasurePrice>0.0200</UnitOfMeasurePrice><AllowDiscount>1</AllowDiscount><ItemStatus>1</ItemStatus><ItemPrice>4.00</ItemPrice></item><item><PriceUpdateDate>2016-05-01 10:19:00</PriceUpdateDate><ItemCode>7290000441276</ItemCode><ItemType>1</ItemType><ItemName>מב מאגדת יופלה 1.5%</ItemName><ManufacturerName>יופלה</ManufacturerName><ManufactureCountry>ישראל</ManufactureCountry><ManufacturerItemDescription>מב מאגדת יופלה 1.5%</ManufacturerItemDescription><SoldByWeight/><Quantity>1200.00</Quantity><UnitOfMeasure>גרם     </UnitOfMeasure><QtyInPackage>לא ידוע</QtyInPackage><UnitOfMeasurePrice>0.0124</UnitOfMeasurePrice><AllowDiscount>1</AllowDiscount><ItemStatus>1</ItemStatus><ItemPrice>14.90</ItemPrice></item><item><PriceUpdateDate>2016-02-14 06:39:51</PriceUpdateDate><ItemCode>7290000441313</ItemCode><ItemType>1</ItemType><ItemName>חלב על הבוקר 3% בקרט</ItemName><ManufacturerName>חלב תנובה</ManufacturerName><ManufactureCountry>ישראל</ManufactureCountry><ManufacturerItemDescription>חלב 3% על הבוקר קרטון+פקק</ManufacturerItemDescription><SoldByWeight/><Quantity>1000.00</Quantity><UnitOfMeasure>מ"ל</UnitOfMeasure><QtyInPackage>לא ידוע</QtyInPackage><UnitOfMeasurePrice>0.0089</UnitOfMeasurePrice><AllowDiscount>1</AllowDiscount><ItemStatus>1</ItemStatus><ItemPrice>8.90</ItemPrice></item><item><PriceUpdateDate>2016-03-01 06:43:30</PriceUpdateDate><ItemCode>7290000441405</ItemCode><ItemType>1</ItemType><ItemName>מאגדת מיני קרלו שוקו</ItemName><ManufacturerName>קרלו</ManufacturerName><ManufactureCountry>ישראל</ManufactureCountry><ManufacturerItemDescription>מאגדת מיני קרלו שוקו</ManufacturerItemDescription><SoldByWeight/><Quantity>800.00</Quantity><UnitOfMeasure>מ"ל</UnitOfMeasure><QtyInPackage>לא ידוע</QtyInPackage><UnitOfMeasurePrice>0.0173</UnitOfMeasurePrice><AllowDiscount>1</AllowDiscount><ItemStatus>1</ItemStatus><ItemPrice>13.80</ItemPrice></item><item><PriceUpdateDate>2015-10-13 11:27:31</PriceUpdateDate><ItemCode>7290000441443</ItemCode><ItemType>1</ItemType><ItemName>מעדן תנובה 0% שוקולד</ItemName><ManufacturerName>מעדן תנובה</ManufacturerName><ManufactureCountry>ישראל</ManufactureCountry><ManufacturerItemDescription>מעדן דיאט שוקולד 150 גרם</ManufacturerItemDescription><SoldByWeight/><Quantity>150.00</Quantity><UnitOfMeasure>גרם     </UnitOfMeasure><QtyInPackage>לא ידוע</QtyInPackage><UnitOfMeasurePrice>0.0267</UnitOfMeasurePrice><AllowDiscount>1</AllowDiscount><ItemStatus>1</ItemStatus><ItemPrice>4.00</ItemPrice></item><item><PriceUpdateDate>2015-10-22 08:04:46</PriceUpdateDate><ItemCode>7290000441672</ItemCode><ItemType>1</ItemType><ItemName>שוקו בבקבוק 340 מ"ל</ItemName><ManufacturerName>תנובה</ManufacturerName><ManufactureCountry>ישראל</ManufactureCountry><ManufacturerItemDescription>שוקו 340 מל בקבוק</ManufacturerItemDescription><SoldByWeight/><Quantity>340.00</Quantity><UnitOfMeasure>מ"ל</UnitOfMeasure><QtyInPackage>לא ידוע</QtyInPackage><UnitOfMeasurePrice>0.0203</UnitOfMeasurePrice><AllowDiscount>1</AllowDiscount><ItemStatus>1</ItemStatus><ItemPrice>6.90</ItemPrice></item><item><PriceUpdateDate>2015-11-13 10:56:45</PriceUpdateDate><ItemCode>7290000441689</ItemCode><ItemType>1</ItemType><ItemName>אייס קפה תנובה בקבוק</ItemName><ManufacturerName>שוק</ManufacturerName><ManufactureCountry>ישראל</ManufactureCountry><ManufacturerItemDescription>משקה אייס קפה340 מל בקבוק</ManufacturerItemDescription><SoldByWeight/><Quantity>340.00</Quantity><UnitOfMeasure>מ"ל</UnitOfMeasure><QtyInPackage>לא ידוע</QtyInPackage><UnitOfMeasurePrice>0.0218</UnitOfMeasurePrice><AllowDiscount>1</AllowDiscount><ItemStatus>1</ItemStatus><ItemPrice>7.40</ItemPrice></item><item><PriceUpdateDate>2016-05-01 10:19:00</PriceUpdateDate><ItemCode>7290000441719</ItemCode><ItemType>1</ItemType><ItemName>מב מילקשייק פונץ' בנ</ItemName><ManufacturerName>שוק</ManufacturerName><ManufactureCountry>ישראל</ManufactureCountry><ManufacturerItemDescription>מב מילקשייק פונץ' בנ</ManufacturerItemDescription><SoldByWeight/><Quantity>250.00</Quantity><UnitOfMeasure>מ"ל</UnitOfMeasure><QtyInPackage>לא ידוע</QtyInPackage><UnitOfMeasurePrice>0.0156</UnitOfMeasurePrice><AllowDiscount>1</AllowDiscount><ItemStatus>1</ItemStatus><ItemPrice>3.90</ItemPrice></item><item><PriceUpdateDate>2015-11-13 10:56:45</PriceUpdateDate><ItemCode>7290000441740</ItemCode><ItemType>1</ItemType><ItemName>גבינה בולגרית מעודנת</ItemName><ManufacturerName>פיראוס</ManufacturerName><ManufactureCountry>ישראל</ManufactureCountry><ManufacturerItemDescription>גבינה בולגרית 5% מעודנת 1</ManufacturerItemDescription><SoldByWeight/><Quantity>120.00</Quantity><UnitOfMeasure>גרם     </UnitOfMeasure><QtyInPackage>לא ידוע</QtyInPackage><UnitOfMeasurePrice>0.1150</UnitOfMeasurePrice><AllowDiscount>1</AllowDiscount><ItemStatus>1</ItemStatus><ItemPrice>13.80</ItemPrice></item><item><PriceUpdateDate>2016-03-01 06:43:30</PriceUpdateDate><ItemCode>7290000441788</ItemCode><ItemType>1</ItemType><ItemName>מארז הפסקת אוכל קורנ</ItemName><ManufacturerName>חלב תנובה</ManufacturerName><ManufactureCountry>ישראל</ManufactureCountry><ManufacturerItemDescription>מארז הפסקת אוכל חלב+דגנים</ManufacturerItemDescription><SoldByWeight/><Quantity>150.00</Quantity><UnitOfMeasure>מ"ל</UnitOfMeasure><QtyInPackage>לא ידוע</QtyInPackage><UnitOfMeasurePrice>0.0640</UnitOfMeasurePrice><AllowDiscount>1</AllowDiscount><ItemStatus>1</ItemStatus><ItemPrice>9.60</ItemPrice></item><item><PriceUpdateDate>2015-10-13 11:27:31</PriceUpdateDate><ItemCode>7290000441801</ItemCode><ItemType>1</ItemType><ItemName>ג'לי פטל 125 גרם</ItemName><ManufacturerName>ג'לי תנובה</ManufacturerName><ManufactureCountry>ישראל</ManufactureCountry><ManufacturerItemDescription>מעדן גלי פטל</ManufacturerItemDescription><SoldByWeight/><Quantity>125.00</Quantity><UnitOfMeasure>גרם     </UnitOfMeasure><QtyInPackage>לא ידוע</QtyInPackage><UnitOfMeasurePrice>0.0232</UnitOfMeasurePrice><AllowDiscount>0</AllowDiscount><ItemStatus>1</ItemStatus><ItemPrice>2.90</ItemPrice></item><item><PriceUpdateDate>2015-10-22 08:04:46</PriceUpdateDate><ItemCode>7290000441818</ItemCode><ItemType>1</ItemType><ItemName>ג'לי אננס עם חתיכות</ItemName><ManufacturerName>ג'לי תנובה</ManufacturerName><ManufactureCountry>ישראל</ManufactureCountry><ManufacturerItemDescription>מעדן גלי אננס וחתיכות פרי</ManufacturerItemDescription><SoldByWeight/><Quantity>125.00</Quantity><UnitOfMeasure>גרם     </UnitOfMeasure><QtyInPackage>לא ידוע</QtyInPackage><UnitOfMeasurePrice>0.0240</UnitOfMeasurePrice><AllowDiscount>0</AllowDiscount><ItemStatus>1</ItemStatus><ItemPrice>3.00</ItemPrice></item><item><PriceUpdateDate>2015-10-22 08:04:46</PriceUpdateDate><ItemCode>7290000441825</ItemCode><ItemType>1</ItemType><ItemName>ג'לי אפרסק עם חתיכות</ItemName><ManufacturerName>ג'לי תנובה</ManufacturerName><ManufactureCountry>ישראל</ManufactureCountry><ManufacturerItemDescription>ג'לי אפרסק עם חתיכות</ManufacturerItemDescription><SoldByWeight/><Quantity>125.00</Quantity><UnitOfMeasure>גרם     </UnitOfMeasure><QtyInPackage>לא ידוע</QtyInPackage><UnitOfMeasurePrice>0.0240</UnitOfMeasurePrice><AllowDiscount>0</AllowDiscount><ItemStatus>1</ItemStatus><ItemPrice>3.00</ItemPrice></item><item><PriceUpdateDate>2015-10-13 11:27:31</PriceUpdateDate><ItemCode>7290000441849</ItemCode><ItemType>1</ItemType><ItemName>שמנת לבישול10% 250 מ</ItemName><ManufacturerName>שף לבן</ManufacturerName><ManufactureCountry>ישראל</ManufactureCountry><ManufacturerItemDescription>שמנת לבישול מופחת שומן</ManufacturerItemDescription><SoldByWeight/><Quantity>250.00</Quantity><UnitOfMeasure>מ"ל</UnitOfMeasure><QtyInPackage>לא ידוע</QtyInPackage><UnitOfMeasurePrice>0.0352</UnitOfMeasurePrice><AllowDiscount>1</AllowDiscount><ItemStatus>1</ItemStatus><ItemPrice>8.80</ItemPrice></item><item><PriceUpdateDate>2016-02-17 06:20:58</PriceUpdateDate><ItemCode>7290000441900</ItemCode><ItemType>1</ItemType><ItemName>עמק לייט משפחתית 400</ItemName><ManufacturerName>עמק</ManufacturerName><ManufactureCountry>ישראל</ManufactureCountry><ManufacturerItemDescription>עמק לייט משפחתית 400</ManufacturerItemDescription><SoldByWeight/><Quantity>400.00</Quantity><UnitOfMeasure>גרם     </UnitOfMeasure><QtyInPackage>לא ידוע</QtyInPackage><UnitOfMeasurePrice>0.0747</UnitOfMeasurePrice><AllowDiscount>1</AllowDiscount><ItemStatus>1</ItemStatus><ItemPrice>29.90</ItemPrice></item><item><PriceUpdateDate>2016-05-01 12:01:38</PriceUpdateDate><ItemCode>7290000441962</ItemCode><ItemType>1</ItemType><ItemName>לאבנה 5% 250 גרם</ItemName><ManufacturerName>פיראוס</ManufacturerName><ManufactureCountry>ישראל</ManufactureCountry><ManufacturerItemDescription>לאבנה 250 5% גרם    פיראו</ManufacturerItemDescription><SoldByWeight/><Quantity>250.00</Quantity><UnitOfMeasure>גרם     </UnitOfMeasure><QtyInPackage>לא ידוע</QtyInPackage><UnitOfMeasurePrice>0.0512</UnitOfMeasurePrice><AllowDiscount>1</AllowDiscount><ItemStatus>1</ItemStatus><ItemPrice>12.80</ItemPrice></item><item><PriceUpdateDate>2016-03-01 06:43:30</PriceUpdateDate><ItemCode>7290000443010</ItemCode><ItemType>1</ItemType><ItemName>גבינת מון בלאן רוקפו</ItemName><ManufacturerName>מון בלאן</ManufacturerName><ManufactureCountry>ישראל</ManufactureCountry><ManufacturerItemDescription>גבינה מון בלאן רוקפור 120</ManufacturerItemDescription><SoldByWeight/><Quantity>120.00</Quantity><UnitOfMeasure>גרם     </UnitOfMeasure><QtyInPackage>לא ידוע</QtyInPackage><UnitOfMeasurePrice>0.1208</UnitOfMeasurePrice><AllowDiscount>1</AllowDiscount><ItemStatus>1</ItemStatus><ItemPrice>14.50</ItemPrice></item><item><PriceUpdateDate>2016-03-01 06:43:30</PriceUpdateDate><ItemCode>7290000443300</ItemCode><ItemType>1</ItemType><ItemName>מארז גמדים תות בננה</ItemName><ManufacturerName>גמדים</ManufacturerName><ManufactureCountry>ישראל</ManufactureCountry><ManufacturerItemDescription>מארז גמדים תות בננה</ManufacturerItemDescription><SoldByWeight/><Quantity>400.00</Quantity><UnitOfMeasure>מ"ל</UnitOfMeasure><QtyInPackage>לא ידוע</QtyInPackage><UnitOfMeasurePrice>0.0285</UnitOfMeasurePrice><AllowDiscount>0</AllowDiscount><ItemStatus>1</ItemStatus><ItemPrice>11.40</ItemPrice></item><item><PriceUpdateDate>2016-03-01 06:43:30</PriceUpdateDate><ItemCode>7290000443317</ItemCode><ItemType>1</ItemType><ItemName>סימפוניה 5% טבעית 20</ItemName><ManufacturerName>סימפוניה שטראוס</ManufacturerName><ManufactureCountry>ישראל</ManufactureCountry><ManufacturerItemDescription>סימפוניה בטעם טבעי 200 גר</ManufacturerItemDescription><SoldByWeight/><Quantity>200.00</Quantity><UnitOfMeasure>גרם     </UnitOfMeasure><QtyInPackage>לא ידוע</QtyInPackage><UnitOfMeasurePrice>0.0595</UnitOfMeasurePrice><AllowDiscount>0</AllowDiscount><ItemStatus>1</ItemStatus><ItemPrice>11.90</ItemPrice></item><item><PriceUpdateDate>2015-10-13 11:27:31</PriceUpdateDate><ItemCode>7290000443324</ItemCode><ItemType>1</ItemType><ItemName>דנונה ביו טבעי 1.7%</ItemName><ManufacturerName>דנונה</ManufacturerName><ManufactureCountry>ישראל</ManufactureCountry><ManufacturerItemDescription>יוגורט דנונה בי 200  1.7%</ManufacturerItemDescription><SoldByWeight/><Quantity>200.00</Quantity><UnitOfMeasure>גרם     </UnitOfMeasure><QtyInPackage>לא ידוע</QtyInPackage><UnitOfMeasurePrice>0.0200</UnitOfMeasurePrice><AllowDiscount>1</AllowDiscount><ItemStatus>1</ItemStatus><ItemPrice>4.00</ItemPrice></item><item><PriceUpdateDate>2015-10-13 11:27:31</PriceUpdateDate><ItemCode>7290000443348</ItemCode><ItemType>1</ItemType><ItemName>מעדן דני וניל 125 גר</ItemName><ManufacturerName>דני</ManufacturerName><ManufactureCountry>ישראל</ManufactureCountry><ManufacturerItemDescription>דני וניל125 גר</ManufacturerItemDescription><SoldByWeight/><Quantity>125.00</Quantity><UnitOfMeasure>גרם     </UnitOfMeasure><QtyInPackage>לא ידוע</QtyInPackage><UnitOfMeasurePrice>0.0216</UnitOfMeasurePrice><AllowDiscount>1</AllowDiscount><ItemStatus>1</ItemStatus><ItemPrice>2.70</ItemPrice></item><item><PriceUpdateDate>2015-09-30 23:47:38</PriceUpdateDate><ItemCode>7290000444260</ItemCode><ItemType>1</ItemType><ItemName>חטיף תפוציפס שמנת בצ</ItemName><ManufacturerName>תפוציפס</ManufacturerName><ManufactureCountry>ישראל</ManufactureCountry><ManufacturerItemDescription>תפוציפס טעם שמנת ובצל50 ג</ManufacturerItemDescription><SoldByWeight/><Quantity>50.00</Quantity><UnitOfMeasure>גרם     </UnitOfMeasure><QtyInPackage>לא ידוע</QtyInPackage><UnitOfMeasurePrice>0.0780</UnitOfMeasurePrice><AllowDiscount>1</AllowDiscount><ItemStatus>1</ItemStatus><ItemPrice>3.90</ItemPrice></item><item><PriceUpdateDate>2015-09-30 23:47:38</PriceUpdateDate><ItemCode>7290000444338</ItemCode><ItemType>1</ItemType><ItemName>קפה טורקי עלית שקית</ItemName><ManufacturerName>טורקי עלית</ManufacturerName><ManufactureCountry>ישראל</ManufactureCountry><ManufacturerItemDescription>קפה טורקי בצלופן 200 גרם</ManufacturerItemDescription><SoldByWeight/><Quantity>200.00</Quantity><UnitOfMeasure>גרם     </UnitOfMeasure><QtyInPackage>לא ידוע</QtyInPackage><UnitOfMeasurePrice>0.0840</UnitOfMeasurePrice><AllowDiscount>1</AllowDiscount><ItemStatus>1</ItemStatus><ItemPrice>16.80</ItemPrice></item><item><PriceUpdateDate>2016-05-01 10:19:03</PriceUpdateDate><ItemCode>7290000444741</ItemCode><ItemType>1</ItemType><ItemName>טונה סטארקיסט בשמן ר</ItemName><ManufacturerName>סטארקיסט</ManufacturerName><ManufactureCountry>ישראל</ManufactureCountry><ManufacturerItemDescription>טונה סטארקיסט בשמן</ManufacturerItemDescription><SoldByWeight/><Quantity>448.00</Quantity><UnitOfMeasure>גרם     </UnitOfMeasure><QtyInPackage>לא ידוע</QtyInPackage><UnitOfMeasurePrice>0.0533</UnitOfMeasurePrice><AllowDiscount>1</AllowDiscount><ItemStatus>1</ItemStatus><ItemPrice>23.90</ItemPrice></item><item><PriceUpdateDate>2015-10-13 11:27:31</PriceUpdateDate><ItemCode>7290000445410</ItemCode><ItemType>1</ItemType><ItemName>מארז זוג מלבי חלבי 3</ItemName><ManufacturerName>עדן קינוחים</ManufacturerName><ManufactureCountry>ישראל</ManufactureCountry><ManufacturerItemDescription>מארז מעדן מלבי 330 גרם זו</ManufacturerItemDescription><SoldByWeight/><Quantity>330.00</Quantity><UnitOfMeasure>גרם     </UnitOfMeasure><QtyInPackage>לא ידוע</QtyInPackage><UnitOfMeasurePrice>0.0400</UnitOfMeasurePrice><AllowDiscount>1</AllowDiscount><ItemStatus>1</ItemStatus><ItemPrice>13.20</ItemPrice></item><item><PriceUpdateDate>2015-10-22 07:14:26</PriceUpdateDate><ItemCode>7290000445854</ItemCode><ItemType>1</ItemType><ItemName>דבש לחיץ מפרחי בר 40</ItemName><ManufacturerName>יד מרדכי</ManufacturerName><ManufactureCountry>ישראל</ManufactureCountry><ManufacturerItemDescription>דבש פרחי בר400 גר.בקלחיץ</ManufacturerItemDescription><SoldByWeight/><Quantity>400.00</Quantity><UnitOfMeasure>גרם     </UnitOfMeasure><QtyInPackage>לא ידוע</QtyInPackage><UnitOfMeasurePrice>0.0747</UnitOfMeasurePrice><AllowDiscount>1</AllowDiscount><ItemStatus>1</ItemStatus><ItemPrice>29.90</ItemPrice></item><item><PriceUpdateDate>2016-03-16 13:06:41</PriceUpdateDate><ItemCode>7290000445915</ItemCode><ItemType>1</ItemType><ItemName>פאנטה אקזוטיק 1.5 לי</ItemName><ManufacturerName>פאנטה אקזוטיק</ManufacturerName><ManufactureCountry>ישראל</ManufactureCountry><ManufacturerItemDescription>פאנטה אקזוטיק 1.5 ליטר</ManufacturerItemDescription><SoldByWeight/><Quantity>1500.00</Quantity><UnitOfMeasure>מ"ל</UnitOfMeasure><QtyInPackage>לא ידוע</QtyInPackage><UnitOfMeasurePrice>0.0046</UnitOfMeasurePrice><AllowDiscount>1</AllowDiscount><ItemStatus>1</ItemStatus><ItemPrice>6.90</ItemPrice></item><item><PriceUpdateDate>2015-10-13 11:27:31</PriceUpdateDate><ItemCode>7290000446011</ItemCode><ItemType>1</ItemType><ItemName>דניאלה וניל  150 מ"ל</ItemName><ManufacturerName>דניאלה</ManufacturerName><ManufactureCountry>ישראל</ManufactureCountry><ManufacturerItemDescription>דניאלה מעדן גבינה וניל 15</ManufacturerItemDescription><SoldByWeight/><Quantity>100.00</Quantity><UnitOfMeasure>מ"ל</UnitOfMeasure><QtyInPackage>לא ידוע</QtyInPackage><UnitOfMeasurePrice>0.0420</UnitOfMeasurePrice><AllowDiscount>1</AllowDiscount><ItemStatus>1</ItemStatus><ItemPrice>4.20</ItemPrice></item><item><PriceUpdateDate>2015-10-13 11:27:31</PriceUpdateDate><ItemCode>7290000446042</ItemCode><ItemType>1</ItemType><ItemName>גבינת סקי וניל 3% 12</ItemName><ManufacturerName>שטראוס</ManufacturerName><ManufactureCountry>ישראל</ManufactureCountry><ManufacturerItemDescription>גבינה סקי וניל125  גר</ManufacturerItemDescription><SoldByWeight/><Quantity>125.00</Quantity><UnitOfMeasure>גרם     </UnitOfMeasure><QtyInPackage>לא ידוע</QtyInPackage><UnitOfMeasurePrice>0.0304</UnitOfMeasurePrice><AllowDiscount>1</AllowDiscount><ItemStatus>1</ItemStatus><ItemPrice>3.80</ItemPrice></item><item><PriceUpdateDate>2015-10-13 11:27:31</PriceUpdateDate><ItemCode>7290000446059</ItemCode><ItemType>1</ItemType><ItemName>גבינת סקי 5% יום יום</ItemName><ManufacturerName>שטראוס</ManufacturerName><ManufactureCountry>ישראל</ManufactureCountry><ManufacturerItemDescription>גבינת סקי 5% יום יום</ManufacturerItemDescription><SoldByWeight/><Quantity>125.00</Quantity><UnitOfMeasure>גרם     </UnitOfMeasure><QtyInPackage>לא ידוע</QtyInPackage><UnitOfMeasurePrice>0.0280</UnitOfMeasurePrice><AllowDiscount>1</AllowDiscount><ItemStatus>1</ItemStatus><ItemPrice>3.50</ItemPrice></item><item><PriceUpdateDate>2015-10-13 11:27:31</PriceUpdateDate><ItemCode>7290000446066</ItemCode><ItemType>1</ItemType><ItemName>מארז שמינייה דנונה ב</ItemName><ManufacturerName>דנונה</ManufacturerName><ManufactureCountry>ישראל</ManufactureCountry><ManufacturerItemDescription>מארז שמינייה דנונה ב</ManufacturerItemDescription><SoldByWeight/><Quantity>1200.00</Quantity><UnitOfMeasure>מ"ל</UnitOfMeasure><QtyInPackage>לא ידוע</QtyInPackage><UnitOfMeasurePrice>0.0154</UnitOfMeasurePrice><AllowDiscount>1</AllowDiscount><ItemStatus>1</ItemStatus><ItemPrice>18.50</ItemPrice></item><item><PriceUpdateDate>2016-03-01 06:43:31</PriceUpdateDate><ItemCode>7290000446073</ItemCode><ItemType>1</ItemType><ItemName>סימפוניה 5% עם זיתים</ItemName><ManufacturerName>סימפוניה שטראוס</ManufacturerName><ManufactureCountry>ישראל</ManufactureCountry><ManufacturerItemDescription>סימפוניה 5% זיתים200 גר</ManufacturerItemDescription><SoldByWeight/><Quantity>200.00</Quantity><UnitOfMeasure>גרם     </UnitOfMeasure><QtyInPackage>לא ידוע</QtyInPackage><UnitOfMeasurePrice>0.0595</UnitOfMeasurePrice><AllowDiscount>0</AllowDiscount><ItemStatus>1</ItemStatus><ItemPrice>11.90</ItemPrice></item><item><PriceUpdateDate>2015-10-13 11:27:31</PriceUpdateDate><ItemCode>7290000446080</ItemCode><ItemType>1</ItemType><ItemName>מילקי טופ מגולגלת 14</ItemName><ManufacturerName>מילקי</ManufacturerName><ManufactureCountry>ישראל</ManufactureCountry><ManufacturerItemDescription>מילקי טופ מגולגלת 140 גר</ManufacturerItemDescription><SoldByWeight/><Quantity>141.00</Quantity><UnitOfMeasure>גרם     </UnitOfMeasure><QtyInPackage>לא ידוע</QtyInPackage><UnitOfMeasurePrice>0.0333</UnitOfMeasurePrice><AllowDiscount>1</AllowDiscount><ItemStatus>1</ItemStatus><ItemPrice>4.70</ItemPrice></item><item><PriceUpdateDate>2016-03-01 07:12:52</PriceUpdateDate><ItemCode>7290000446875</ItemCode><ItemType>1</ItemType><ItemName>משקה ג'אמפ ענבים 1.5</ItemName><ManufacturerName>גאמפ</ManufacturerName><ManufactureCountry>ישראל</ManufactureCountry><ManufacturerItemDescription>משקה ג'אמפ ענבים 1.5</ManufacturerItemDescription><SoldByWeight/><Quantity>1500.00</Quantity><UnitOfMeasure>מ"ל</UnitOfMeasure><QtyInPackage>לא ידוע</QtyInPackage><UnitOfMeasurePrice>0.0046</UnitOfMeasurePrice><AllowDiscount>1</AllowDiscount><ItemStatus>1</ItemStatus><ItemPrice>6.90</ItemPrice></item><item><PriceUpdateDate>2016-04-01 07:33:10</PriceUpdateDate><ItemCode>7290000446905</ItemCode><ItemType>1</ItemType><ItemName>מב מיץ פריגת סחוט קל</ItemName><ManufacturerName>פריגת</ManufacturerName><ManufactureCountry>ישראל</ManufactureCountry><ManufacturerItemDescription>מב מיץ פריגת סחוט קל</ManufacturerItemDescription><SoldByWeight/><Quantity>2000.00</Quantity><UnitOfMeasure>מ"ל</UnitOfMeasure><QtyInPackage>לא ידוע</QtyInPackage><UnitOfMeasurePrice>0.0109</UnitOfMeasurePrice><AllowDiscount>1</AllowDiscount><ItemStatus>1</ItemStatus><ItemPrice>21.90</ItemPrice></item><item><PriceUpdateDate>2015-11-30 11:32:17</PriceUpdateDate><ItemCode>7290000446912</ItemCode><ItemType>1</ItemType><ItemName>גת פקאן סיני בשקית 1</ItemName><ManufacturerName>ליימן חטיבת המותגים</ManufacturerName><ManufactureCountry>ישראל</ManufactureCountry><ManufacturerItemDescription>גת פקאן סיני בשקית 1</ManufacturerItemDescription><SoldByWeight/><Quantity>150.00</Quantity><UnitOfMeasure>גרם     </UnitOfMeasure><QtyInPackage>לא ידוע</QtyInPackage><UnitOfMeasurePrice>0.1827</UnitOfMeasurePrice><AllowDiscount>1</AllowDiscount><ItemStatus>1</ItemStatus><ItemPrice>27.40</ItemPrice></item><item><PriceUpdateDate>2016-05-01 12:01:42</PriceUpdateDate><ItemCode>7290000446929</ItemCode><ItemType>1</ItemType><ItemName>גת אגוזי מלך שקית 15</ItemName><ManufacturerName>ליימן חטיבת המותגים</ManufacturerName><ManufactureCountry>ישראל</ManufactureCountry><ManufacturerItemDescription>גת אגוזי מלך שקית 15</ManufacturerItemDescription><SoldByWeight/><Quantity>150.00</Quantity><UnitOfMeasure>גרם     </UnitOfMeasure><QtyInPackage>לא ידוע</QtyInPackage><UnitOfMeasurePrice>0.1440</UnitOfMeasurePrice><AllowDiscount>1</AllowDiscount><ItemStatus>1</ItemStatus><ItemPrice>21.60</ItemPrice></item><item><PriceUpdateDate>2016-03-01 06:43:31</PriceUpdateDate><ItemCode>7290000447438</ItemCode><ItemType>1</ItemType><ItemName>קינלי סודה רביעיות 1</ItemName><ManufacturerName>קינלי</ManufacturerName><ManufactureCountry>ישראל</ManufactureCountry><ManufacturerItemDescription>סודה קינלי 1.5 ליטר</ManufacturerItemDescription><SoldByWeight/><Quantity>6000.00</Quantity><UnitOfMeasure>מ"ל</UnitOfMeasure><QtyInPackage>לא ידוע</QtyInPackage><UnitOfMeasurePrice>0.0024</UnitOfMeasurePrice><AllowDiscount>1</AllowDiscount><ItemStatus>1</ItemStatus><ItemPrice>14.50</ItemPrice></item><item><PriceUpdateDate>2014-12-01 06:27:37</PriceUpdateDate><ItemCode>7290000447544</ItemCode><ItemType>1</ItemType><ItemName>שמן זית יד מרדכי כתי</ItemName><ManufacturerName>יד מרדכי</ManufacturerName><ManufactureCountry>ישראל</ManufactureCountry><ManufacturerItemDescription>שמן זית יד מרדכי כתי</ManufacturerItemDescription><SoldByWeight/><Quantity>1000.00</Quantity><UnitOfMeasure>מ"ל</UnitOfMeasure><QtyInPackage>לא ידוע</QtyInPackage><UnitOfMeasurePrice>0.0555</UnitOfMeasurePrice><AllowDiscount>1</AllowDiscount><ItemStatus>1</ItemStatus><ItemPrice>55.50</ItemPrice></item><item><PriceUpdateDate>2015-12-17 11:43:06</PriceUpdateDate><ItemCode>7290000448114</ItemCode><ItemType>1</ItemType><ItemName>מארז אקטימל טבעי 14</ItemName><ManufacturerName>אקטימל</ManufacturerName><ManufactureCountry>ישראל</ManufactureCountry><ManufacturerItemDescription>מארז אקטימל טבעי 14</ManufacturerItemDescription><SoldByWeight/><Quantity>1480.00</Quantity><UnitOfMeasure>מ"ל</UnitOfMeasure><QtyInPackage>לא ידוע</QtyInPackage><UnitOfMeasurePrice>0.0216</UnitOfMeasurePrice><AllowDiscount>1</AllowDiscount><ItemStatus>1</ItemStatus><ItemPrice>31.90</ItemPrice></item><item><PriceUpdateDate>2016-03-01 06:43:31</PriceUpdateDate><ItemCode>7290000448145</ItemCode><ItemType>1</ItemType><ItemName>סימפוניה 3% עם שום ש</ItemName><ManufacturerName>סימפוניה שטראוס</ManufacturerName><ManufactureCountry>ישראל</ManufactureCountry><ManufacturerItemDescription>סימפוניה 3% שום שמיר</ManufacturerItemDescription><SoldByWeight/><Quantity>200.00</Quantity><UnitOfMeasure>גרם     </UnitOfMeasure><QtyInPackage>לא ידוע</QtyInPackage><UnitOfMeasurePrice>0.0595</UnitOfMeasurePrice><AllowDiscount>0</AllowDiscount><ItemStatus>1</ItemStatus><ItemPrice>11.90</ItemPrice></item><item><PriceUpdateDate>2015-12-08 07:01:02</PriceUpdateDate><ItemCode>7290000448169</ItemCode><ItemType>1</ItemType><ItemName>גבינת סקי 3% 250 גרם</ItemName><ManufacturerName>שטראוס</ManufacturerName><ManufactureCountry>ישראל</ManufactureCountry><ManufacturerItemDescription>גבינה סקי 250 3% גרם</ManufacturerItemDescription><SoldByWeight/><Quantity>250.00</Quantity><UnitOfMeasure>גרם     </UnitOfMeasure><QtyInPackage>לא ידוע</QtyInPackage><UnitOfMeasurePrice>0.0192</UnitOfMeasurePrice><AllowDiscount>1</AllowDiscount><ItemStatus>1</ItemStatus><ItemPrice>4.80</ItemPrice></item><item><PriceUpdateDate>2016-02-11 11:10:54</PriceUpdateDate><ItemCode>7290000448183</ItemCode><ItemType>1</ItemType><ItemName>גבינת סקי 5% 750 גרם</ItemName><ManufacturerName>שטראוס</ManufacturerName><ManufactureCountry>ישראל</ManufactureCountry><ManufacturerItemDescription>גבינת סקי 5% 750 גרם</ManufacturerItemDescription><SoldByWeight/><Quantity>750.00</Quantity><UnitOfMeasure>גרם     </UnitOfMeasure><QtyInPackage>לא ידוע</QtyInPackage><UnitOfMeasurePrice>0.0184</UnitOfMeasurePrice><AllowDiscount>1</AllowDiscount><ItemStatus>1</ItemStatus><ItemPrice>13.80</ItemPrice></item><item><PriceUpdateDate>2015-12-28 12:32:12</PriceUpdateDate><ItemCode>7290000448206</ItemCode><ItemType>1</ItemType><ItemName>דנונה תות 3% 150 גרם</ItemName><ManufacturerName>דנונה</ManufacturerName><ManufactureCountry>ישראל</ManufactureCountry><ManufacturerItemDescription>יוגורט דנונה תות</ManufacturerItemDescription><SoldByWeight/><Quantity>150.00</Quantity><UnitOfMeasure>גרם     </UnitOfMeasure><QtyInPackage>לא ידוע</QtyInPackage><UnitOfMeasurePrice>0.0333</UnitOfMeasurePrice><AllowDiscount>1</AllowDiscount><ItemStatus>1</ItemStatus><ItemPrice>5.00</ItemPrice></item><item><PriceUpdateDate>2015-12-17 11:43:06</PriceUpdateDate><ItemCode>7290000448213</ItemCode><ItemType>1</ItemType><ItemName>מארז אקטימל תות שמינ</ItemName><ManufacturerName>אקטימל</ManufacturerName><ManufactureCountry>ישראל</ManufactureCountry><ManufacturerItemDescription>מארז אקטימל תות 8 יח</ManufacturerItemDescription><SoldByWeight/><Quantity>850.00</Quantity><UnitOfMeasure>מ"ל</UnitOfMeasure><QtyInPackage>לא ידוע</QtyInPackage><UnitOfMeasurePrice>0.0258</UnitOfMeasurePrice><AllowDiscount>1</AllowDiscount><ItemStatus>1</ItemStatus><ItemPrice>21.90</ItemPrice></item><item><PriceUpdateDate>2015-12-17 11:43:06</PriceUpdateDate><ItemCode>7290000448237</ItemCode><ItemType>1</ItemType><ItemName>מארז אקטימל טבעי שמי</ItemName><ManufacturerName>אקטימל</ManufacturerName><ManufactureCountry>ישראל</ManufactureCountry><ManufacturerItemDescription>מארז אקטימל 8 יח</ManufacturerItemDescription><SoldByWeight/><Quantity>850.00</Quantity><UnitOfMeasure>מ"ל</UnitOfMeasure><QtyInPackage>לא ידוע</QtyInPackage><UnitOfMeasurePrice>0.0258</UnitOfMeasurePrice><AllowDiscount>1</AllowDiscount><ItemStatus>1</ItemStatus><ItemPrice>21.90</ItemPrice></item><item><PriceUpdateDate>2015-12-28 12:32:12</PriceUpdateDate><ItemCode>7290000448244</ItemCode><ItemType>1</ItemType><ItemName>דנונה אפרסק 3% 150 ג</ItemName><ManufacturerName>דנונה</ManufacturerName><ManufactureCountry>ישראל</ManufactureCountry><ManufacturerItemDescription>דנונה אפרסק 150 3% גרם</ManufacturerItemDescription><SoldByWeight/><Quantity>150.00</Quantity><UnitOfMeasure>גרם     </UnitOfMeasure><QtyInPackage>לא ידוע</QtyInPackage><UnitOfMeasurePrice>0.0333</UnitOfMeasurePrice><AllowDiscount>1</AllowDiscount><ItemStatus>1</ItemStatus><ItemPrice>5.00</ItemPrice></item><item><PriceUpdateDate>2015-09-30 23:47:38</PriceUpdateDate><ItemCode>7290000448305</ItemCode><ItemType>1</ItemType><ItemName>מארז דנונה ביו 1.7%</ItemName><ManufacturerName>דנונה</ManufacturerName><ManufactureCountry>ישראל</ManufactureCountry><ManufacturerItemDescription>מארז דנונה ביו 1.7%</ManufacturerItemDescription><SoldByWeight/><Quantity>1200.00</Quantity><UnitOfMeasure>מ"ל</UnitOfMeasure><QtyInPackage>לא ידוע</QtyInPackage><UnitOfMeasurePrice>0.0147</UnitOfMeasurePrice><AllowDiscount>1</AllowDiscount><ItemStatus>1</ItemStatus><ItemPrice>17.60</ItemPrice></item><item><PriceUpdateDate>2016-03-01 07:12:52</PriceUpdateDate><ItemCode>7290000449326</ItemCode><ItemType>1</ItemType><ItemName>מאלטסטאר 1.5 ליטר רג</ItemName><ManufacturerName>מאלטסטאר</ManufacturerName><ManufactureCountry>ישראל</ManufactureCountry><ManufacturerItemDescription>מאלטסטאר 1.5 ליטר רג</ManufacturerItemDescription><SoldByWeight/><Quantity>1500.00</Quantity><UnitOfMeasure>מ"ל</UnitOfMeasure><QtyInPackage>לא ידוע</QtyInPackage><UnitOfMeasurePrice>0.0059</UnitOfMeasurePrice><AllowDiscount>1</AllowDiscount><ItemStatus>1</ItemStatus><ItemPrice>8.90</ItemPrice></item><item><PriceUpdateDate>2015-11-13 10:56:45</PriceUpdateDate><ItemCode>7290000450384</ItemCode><ItemType>1</ItemType><ItemName>לרוויה 1.5% 1 ליטר</ItemName><ManufacturerName>לרוויה</ManufacturerName><ManufactureCountry>ישראל</ManufactureCountry><ManufacturerItemDescription>לרוויה 1.5% 1 ליטר</ManufacturerItemDescription><SoldByWeight/><Quantity>1000.00</Quantity><UnitOfMeasure>מ"ל</UnitOfMeasure><QtyInPackage>לא ידוע</QtyInPackage><UnitOfMeasurePrice>0.0115</UnitOfMeasurePrice><AllowDiscount>1</AllowDiscount><ItemStatus>1</ItemStatus><ItemPrice>11.50</ItemPrice></item><item><PriceUpdateDate>2016-02-11 11:10:54</PriceUpdateDate><ItemCode>7290000450407</ItemCode><ItemType>1</ItemType><ItemName>לבן 3% 150 מ"ל</ItemName><ManufacturerName>טרה</ManufacturerName><ManufactureCountry>ישראל</ManufactureCountry><ManufacturerItemDescription>לבן 3% 150 מ"ל</ManufacturerItemDescription><SoldByWeight/><Quantity>150.00</Quantity><UnitOfMeasure>מ"ל</UnitOfMeasure><QtyInPackage>לא ידוע</QtyInPackage><UnitOfMeasurePrice>0.0070</UnitOfMeasurePrice><AllowDiscount>1</AllowDiscount><ItemStatus>1</ItemStatus><ItemPrice>1.05</ItemPrice></item><item><PriceUpdateDate>2015-11-02 17:19:12</PriceUpdateDate><ItemCode>7290000450636</ItemCode><ItemType>1</ItemType><ItemName>חטיפי פריכונים בטעם</ItemName><ManufacturerName>פריכונים</ManufacturerName><ManufactureCountry>ישראל</ManufactureCountry><ManufacturerItemDescription>חטיפי פריכונים בטעם</ManufacturerItemDescription><SoldByWeight/><Quantity>14.00</Quantity><UnitOfMeasure>גרם     </UnitOfMeasure><QtyInPackage>לא ידוע</QtyInPackage><UnitOfMeasurePrice>0.6643</UnitOfMeasurePrice><AllowDiscount>1</AllowDiscount><ItemStatus>1</ItemStatus><ItemPrice>9.30</ItemPrice></item><item><PriceUpdateDate>2016-03-29 07:10:23</PriceUpdateDate><ItemCode>7290000450780</ItemCode><ItemType>1</ItemType><ItemName>שמפו פינוק לשיער רגי</ItemName><ManufacturerName>פינוק</ManufacturerName><ManufactureCountry>ישראל</ManufactureCountry><ManufacturerItemDescription>שמפו פינוק לשיער רגי</ManufacturerItemDescription><SoldByWeight/><Quantity>700.00</Quantity><UnitOfMeasure>מ"ל</UnitOfMeasure><QtyInPackage>לא ידוע</QtyInPackage><UnitOfMeasurePrice>0.0184</UnitOfMeasurePrice><AllowDiscount>1</AllowDiscount><ItemStatus>1</ItemStatus><ItemPrice>12.90</ItemPrice></item><item><PriceUpdateDate>2016-03-29 07:10:23</PriceUpdateDate><ItemCode>7290000450872</ItemCode><ItemType>1</ItemType><ItemName>שמפו פינוק לשיער יבש</ItemName><ManufacturerName>פינוק</ManufacturerName><ManufactureCountry>ישראל</ManufactureCountry><ManufacturerItemDescription>שמפו פינוק לשיער יבש</ManufacturerItemDescription><SoldByWeight/><Quantity>700.00</Quantity><UnitOfMeasure>מ"ל</UnitOfMeasure><QtyInPackage>לא ידוע</QtyInPackage><UnitOfMeasurePrice>0.0184</UnitOfMeasurePrice><AllowDiscount>1</AllowDiscount><ItemStatus>1</ItemStatus><ItemPrice>12.90</ItemPrice></item><item><PriceUpdateDate>2016-03-16 14:00:57</PriceUpdateDate><ItemCode>7290000451329</ItemCode><ItemType>1</ItemType><ItemName>מרכך כביסה בדין ספרי</ItemName><ManufacturerName>בדין</ManufacturerName><ManufactureCountry>ישראל</ManufactureCountry><ManufacturerItemDescription>מרכך כביסה בדין ספרי</ManufacturerItemDescription><SoldByWeight/><Quantity>4000.00</Quantity><UnitOfMeasure>מ"ל</UnitOfMeasure><QtyInPackage>לא ידוע</QtyInPackage><UnitOfMeasurePrice>0.0057</UnitOfMeasurePrice><AllowDiscount>1</AllowDiscount><ItemStatus>1</ItemStatus><ItemPrice>22.90</ItemPrice></item><item><PriceUpdateDate>2016-03-29 07:28:07</PriceUpdateDate><ItemCode>7290000452012</ItemCode><ItemType>1</ItemType><ItemName>מב איקרה ביתית לבנה</ItemName><ManufacturerName>דלידג</ManufacturerName><ManufactureCountry>ישראל</ManufactureCountry><ManufacturerItemDescription>סלט איקרה לבנה 300 גר</ManufacturerItemDescription><SoldByWeight/><Quantity>300.00</Quantity><UnitOfMeasure>גרם     </UnitOfMeasure><QtyInPackage>לא ידוע</QtyInPackage><UnitOfMeasurePrice>0.0430</UnitOfMeasurePrice><AllowDiscount>1</AllowDiscount><ItemStatus>1</ItemStatus><ItemPrice>12.90</ItemPrice></item><item><PriceUpdateDate>2014-12-01 06:28:22</PriceUpdateDate><ItemCode>7290000452111</ItemCode><ItemType>1</ItemType><ItemName>ג'לטין בקר 28גרם</ItemName><ManufacturerName>ויליגר</ManufacturerName><ManufactureCountry>איטליה</ManufactureCountry><ManufacturerItemDescription>טבליות סטיביה   1 יחידות</ManufacturerItemDescription><SoldByWeight/><Quantity>14.00</Quantity><UnitOfMeasure>גרם     </UnitOfMeasure><QtyInPackage>לא ידוע</QtyInPackage><UnitOfMeasurePrice>0.6071</UnitOfMeasurePrice><AllowDiscount>1</AllowDiscount><ItemStatus>1</ItemStatus><ItemPrice>8.50</ItemPrice></item><item><PriceUpdateDate>2016-01-05 08:33:39</PriceUpdateDate><ItemCode>7290000452548</ItemCode><ItemType>1</ItemType><ItemName>חומוס עם חריף 150 גר</ItemName><ManufacturerName>צבר</ManufacturerName><ManufactureCountry>ישראל</ManufactureCountry><ManufacturerItemDescription>סלט חומוס וחריף 150 גרם</ManufacturerItemDescription><SoldByWeight/><Quantity>150.00</Quantity><UnitOfMeasure>גרם     </UnitOfMeasure><QtyInPackage>לא ידוע</QtyInPackage><UnitOfMeasurePrice>0.0367</UnitOfMeasurePrice><AllowDiscount>1</AllowDiscount><ItemStatus>1</ItemStatus><ItemPrice>5.50</ItemPrice></item><item><PriceUpdateDate>2016-04-03 09:01:55</PriceUpdateDate><ItemCode>7290000452968</ItemCode><ItemType>1</ItemType><ItemName>עלי בייבי ירקות שטרא</ItemName><ManufacturerName>שטראוס</ManufacturerName><ManufactureCountry>ישראל</ManufactureCountry><ManufacturerItemDescription>מבחר עלי בייבי</ManufacturerItemDescription><SoldByWeight/><Quantity>120.00</Quantity><UnitOfMeasure>יח'</UnitOfMeasure><QtyInPackage>לא ידוע</QtyInPackage><UnitOfMeasurePrice>0.0908</UnitOfMeasurePrice><AllowDiscount>1</AllowDiscount><ItemStatus>1</ItemStatus><ItemPrice>10.90</ItemPrice></item><item><PriceUpdateDate>2016-04-03 09:01:55</PriceUpdateDate><ItemCode>7290000453040</ItemCode><ItemType>1</ItemType><ItemName>סלט המושבה 450 גרם</ItemName><ManufacturerName>שטראוס</ManufacturerName><ManufactureCountry>ישראל</ManufactureCountry><ManufacturerItemDescription>סלט המושבה</ManufacturerItemDescription><SoldByWeight/><Quantity>450.00</Quantity><UnitOfMeasure>גרם     </UnitOfMeasure><QtyInPackage>לא ידוע</QtyInPackage><UnitOfMeasurePrice>0.0331</UnitOfMeasurePrice><AllowDiscount>1</AllowDiscount><ItemStatus>1</ItemStatus><ItemPrice>14.90</ItemPrice></item><item><PriceUpdateDate>2016-05-01 10:19:20</PriceUpdateDate><ItemCode>7290000453149</ItemCode><ItemType>1</ItemType><ItemName>סלט חומוס אחלה 750 ג</ItemName><ManufacturerName>אחלה</ManufacturerName><ManufactureCountry>ישראל</ManufactureCountry><ManufacturerItemDescription>סלט חומוס אחלה 750 ג</ManufacturerItemDescription><SoldByWeight/><Quantity>750.00</Quantity><UnitOfMeasure>גרם     </UnitOfMeasure><QtyInPackage>לא ידוע</QtyInPackage><UnitOfMeasurePrice>0.0132</UnitOfMeasurePrice><AllowDiscount>1</AllowDiscount><ItemStatus>1</ItemStatus><ItemPrice>9.90</ItemPrice></item><item><PriceUpdateDate>2016-03-16 13:06:20</PriceUpdateDate><ItemCode>7290000453163</ItemCode><ItemType>1</ItemType><ItemName>קוקה קולה לימון דיאט</ItemName><ManufacturerName>דיאט קולה לימון</ManufacturerName><ManufactureCountry>ישראל</ManufactureCountry><ManufacturerItemDescription>קוקה קולה דיאט לימון 1.5</ManufacturerItemDescription><SoldByWeight/><Quantity>1500.00</Quantity><UnitOfMeasure>מ"ל</UnitOfMeasure><QtyInPackage>לא ידוע</QtyInPackage><UnitOfMeasurePrice>0.0046</UnitOfMeasurePrice><AllowDiscount>1</AllowDiscount><ItemStatus>1</ItemStatus><ItemPrice>6.90</ItemPrice></item><item><PriceUpdateDate>2015-10-13 11:27:31</PriceUpdateDate><ItemCode>7290000453286</ItemCode><ItemType>1</ItemType><ItemName>דניאלה תות 150 מ"ל</ItemName><ManufacturerName>דניאלה</ManufacturerName><ManufactureCountry>ישראל</ManufactureCountry><ManufacturerItemDescription>דניאלה מעדן גבינה תות 150</ManufacturerItemDescription><SoldByWeight/><Quantity>150.00</Quantity><UnitOfMeasure>מ"ל</UnitOfMeasure><QtyInPackage>לא ידוע</QtyInPackage><UnitOfMeasurePrice>0.0280</UnitOfMeasurePrice><AllowDiscount>1</AllowDiscount><ItemStatus>1</ItemStatus><ItemPrice>4.20</ItemPrice></item><item><PriceUpdateDate>2015-09-30 23:47:38</PriceUpdateDate><ItemCode>7290000453477</ItemCode><ItemType>1</ItemType><ItemName>חטיף תפוציפס קראנצ'</ItemName><ManufacturerName>תפוציפס</ManufacturerName><ManufactureCountry>ישראל</ManufactureCountry><ManufacturerItemDescription>תפוציפס קראנץ בטעם טבעי 5</ManufacturerItemDescription><SoldByWeight/><Quantity>14.00</Quantity><UnitOfMeasure>גרם     </UnitOfMeasure><QtyInPackage>לא ידוע</QtyInPackage><UnitOfMeasurePrice>0.2786</UnitOfMeasurePrice><AllowDiscount>1</AllowDiscount><ItemStatus>1</ItemStatus><ItemPrice>3.90</ItemPrice></item><item><PriceUpdateDate>2016-02-17 06:20:58</PriceUpdateDate><ItemCode>7290000453538</ItemCode><ItemType>1</ItemType><ItemName>שוקולד פרה במילוי תו</ItemName><ManufacturerName>פרה</ManufacturerName><ManufactureCountry>ישראל</ManufactureCountry><ManufacturerItemDescription>שוקולד פרה במילוי תות 100</ManufacturerItemDescription><SoldByWeight/><Quantity>100.00</Quantity><UnitOfMeasure>גרם     </UnitOfMeasure><QtyInPackage>לא ידוע</QtyInPackage><UnitOfMeasurePrice>0.0690</UnitOfMeasurePrice><AllowDiscount>0</AllowDiscount><ItemStatus>1</ItemStatus><ItemPrice>6.90</ItemPrice></item><item><PriceUpdateDate>2016-05-01 12:01:54</PriceUpdateDate><ItemCode>7290000453576</ItemCode><ItemType>1</ItemType><ItemName>שוקולד ספלנדיד מריר</ItemName><ManufacturerName>ספלנדיד</ManufacturerName><ManufactureCountry>ישראל</ManufactureCountry><ManufacturerItemDescription>שוקולד ספלנדיד מריר 100 ג</ManufacturerItemDescription><SoldByWeight/><Quantity>100.00</Quantity><UnitOfMeasure>גרם     </UnitOfMeasure><QtyInPackage>לא ידוע</QtyInPackage><UnitOfMeasurePrice>0.1190</UnitOfMeasurePrice><AllowDiscount>1</AllowDiscount><ItemStatus>1</ItemStatus><ItemPrice>11.90</ItemPrice></item><item><PriceUpdateDate>2015-09-30 23:47:38</PriceUpdateDate><ItemCode>7290000453682</ItemCode><ItemType>1</ItemType><ItemName>חטיף תפוציפס קראנצ'</ItemName><ManufacturerName>תפוציפס</ManufacturerName><ManufactureCountry>ישראל</ManufactureCountry><ManufacturerItemDescription>תפוציפס קראנץ מקסיקני 50</ManufacturerItemDescription><SoldByWeight/><Quantity>14.00</Quantity><UnitOfMeasure>גרם     </UnitOfMeasure><QtyInPackage>לא ידוע</QtyInPackage><UnitOfMeasurePrice>0.2786</UnitOfMeasurePrice><AllowDiscount>1</AllowDiscount><ItemStatus>1</ItemStatus><ItemPrice>3.90</ItemPrice></item><item><PriceUpdateDate>2015-10-11 14:22:46</PriceUpdateDate><ItemCode>7290000453705</ItemCode><ItemType>1</ItemType><ItemName>חטיף דוריטוס גריל 55</ItemName><ManufacturerName>דוריטוס</ManufacturerName><ManufactureCountry>ישראל</ManufactureCountry><ManufacturerItemDescription>דוריטוס גריל 55 גרם</ManufacturerItemDescription><SoldByWeight/><Quantity>14.00</Quantity><UnitOfMeasure>גרם     </UnitOfMeasure><QtyInPackage>לא ידוע</QtyInPackage><UnitOfMeasurePrice>0.2571</UnitOfMeasurePrice><AllowDiscount>1</AllowDiscount><ItemStatus>1</ItemStatus><ItemPrice>3.60</ItemPrice></item><item><PriceUpdateDate>2015-10-11 14:22:46</PriceUpdateDate><ItemCode>7290000453729</ItemCode><ItemType>1</ItemType><ItemName>דוריטוס טבעי 55 גרם</ItemName><ManufacturerName>דוריטוס</ManufacturerName><ManufactureCountry>ישראל</ManufactureCountry><ManufacturerItemDescription>דוריטוס בטעם טבעי 55 גרם</ManufacturerItemDescription><SoldByWeight/><Quantity>14.00</Quantity><UnitOfMeasure>גרם     </UnitOfMeasure><QtyInPackage>לא ידוע</QtyInPackage><UnitOfMeasurePrice>0.2571</UnitOfMeasurePrice><AllowDiscount>1</AllowDiscount><ItemStatus>1</ItemStatus><ItemPrice>3.60</ItemPrice></item><item><PriceUpdateDate>2016-02-17 06:20:58</PriceUpdateDate><ItemCode>7290000453750</ItemCode><ItemType>1</ItemType><ItemName>שוקולד פרה חלב אוורי</ItemName><ManufacturerName>פרה</ManufacturerName><ManufactureCountry>ישראל</ManufactureCountry><ManufacturerItemDescription>שוקולד חלב אוורירי 85 גר</ManufacturerItemDescription><SoldByWeight/><Quantity>100.00</Quantity><UnitOfMeasure>גרם     </UnitOfMeasure><QtyInPackage>לא ידוע</QtyInPackage><UnitOfMeasurePrice>0.0690</UnitOfMeasurePrice><AllowDiscount>0</AllowDiscount><ItemStatus>1</ItemStatus><ItemPrice>6.90</ItemPrice></item><item><PriceUpdateDate>2015-10-14 10:41:04</PriceUpdateDate><ItemCode>7290000454702</ItemCode><ItemType>1</ItemType><ItemName>קוקה קולה זירו 0.5 ל</ItemName><ManufacturerName>zero קוקה קולה</ManufacturerName><ManufactureCountry>ישראל</ManufactureCountry><ManufacturerItemDescription>קוקה קולה זירו 500 מל</ManufacturerItemDescription><SoldByWeight/><Quantity>500.00</Quantity><UnitOfMeasure>מ"ל</UnitOfMeasure><QtyInPackage>לא ידוע</QtyInPackage><UnitOfMeasurePrice>0.0146</UnitOfMeasurePrice><AllowDiscount>1</AllowDiscount><ItemStatus>1</ItemStatus><ItemPrice>7.30</ItemPrice></item><item><PriceUpdateDate>2016-03-16 13:06:20</PriceUpdateDate><ItemCode>7290000454719</ItemCode><ItemType>1</ItemType><ItemName>קוקה קולה זירו 1.5 ל</ItemName><ManufacturerName>zero קוקה קולה</ManufacturerName><ManufactureCountry>ישראל</ManufactureCountry><ManufacturerItemDescription>קוקה קולה זירו 1.5 ל</ManufacturerItemDescription><SoldByWeight/><Quantity>1500.00</Quantity><UnitOfMeasure>מ"ל</UnitOfMeasure><QtyInPackage>לא ידוע</QtyInPackage><UnitOfMeasurePrice>0.0046</UnitOfMeasurePrice><AllowDiscount>1</AllowDiscount><ItemStatus>1</ItemStatus><ItemPrice>6.90</ItemPrice></item><item><PriceUpdateDate>2016-03-16 13:06:20</PriceUpdateDate><ItemCode>7290000454726</ItemCode><ItemType>1</ItemType><ItemName>קולה זירו שישיות 1.5</ItemName><ManufacturerName>zero קוקה קולה</ManufacturerName><ManufactureCountry>ישראל</ManufactureCountry><ManufacturerItemDescription>קוקה קולה זירו 1.5 1/6 ל</ManufacturerItemDescription><SoldByWeight/><Quantity>9000.00</Quantity><UnitOfMeasure>מ"ל</UnitOfMeasure><QtyInPackage>לא ידוע</QtyInPackage><UnitOfMeasurePrice>0.0041</UnitOfMeasurePrice><AllowDiscount>1</AllowDiscount><ItemStatus>1</ItemStatus><ItemPrice>36.90</ItemPrice></item><item><PriceUpdateDate>2016-02-17 06:20:58</PriceUpdateDate><ItemCode>7290000455075</ItemCode><ItemType>1</ItemType><ItemName>שוקולד פרה מריר אוור</ItemName><ManufacturerName>פרה</ManufacturerName><ManufactureCountry>ישראל</ManufactureCountry><ManufacturerItemDescription>שוקולד אוורירי מריר 85 גר</ManufacturerItemDescription><SoldByWeight/><Quantity>85.00</Quantity><UnitOfMeasure>גרם     </UnitOfMeasure><QtyInPackage>לא ידוע</QtyInPackage><UnitOfMeasurePrice>0.0812</UnitOfMeasurePrice><AllowDiscount>0</AllowDiscount><ItemStatus>1</ItemStatus><ItemPrice>6.90</ItemPrice></item><item><PriceUpdateDate>2016-05-01 12:01:59</PriceUpdateDate><ItemCode>7290000455082</ItemCode><ItemType>1</ItemType><ItemName>צ'יטוס קראנצ' גבינה</ItemName><ManufacturerName>צ'יטוס</ManufacturerName><ManufactureCountry>ישראל</ManufactureCountry><ManufacturerItemDescription>חטיף ציטוס גבינה 80 גרם</ManufacturerItemDescription><SoldByWeight/><Quantity>80.00</Quantity><UnitOfMeasure>גרם     </UnitOfMeasure><QtyInPackage>לא ידוע</QtyInPackage><UnitOfMeasurePrice>0.0625</UnitOfMeasurePrice><AllowDiscount>1</AllowDiscount><ItemStatus>1</ItemStatus><ItemPrice>5.00</ItemPrice></item><item><PriceUpdateDate>2015-10-11 14:22:46</PriceUpdateDate><ItemCode>7290000455099</ItemCode><ItemType>1</ItemType><ItemName>צ'יטוס קראנצ' חמאת ב</ItemName><ManufacturerName>צ'יטוס</ManufacturerName><ManufactureCountry>ישראל</ManufactureCountry><ManufacturerItemDescription>צ'יטוס קראנצ' חמאת ב</ManufacturerItemDescription><SoldByWeight/><Quantity>80.00</Quantity><UnitOfMeasure>גרם     </UnitOfMeasure><QtyInPackage>לא ידוע</QtyInPackage><UnitOfMeasurePrice>0.0625</UnitOfMeasurePrice><AllowDiscount>1</AllowDiscount><ItemStatus>1</ItemStatus><ItemPrice>5.00</ItemPrice></item><item><PriceUpdateDate>2016-05-01 10:19:27</PriceUpdateDate><ItemCode>7290000455105</ItemCode><ItemType>1</ItemType><ItemName>מב שוקולית 850 גרם ב</ItemName><ManufacturerName>שוקולית</ManufacturerName><ManufactureCountry>ישראל</ManufactureCountry><ManufacturerItemDescription>מב שוקולית 850 גרם ב</ManufacturerItemDescription><SoldByWeight/><Quantity>850.00</Quantity><UnitOfMeasure>גרם     </UnitOfMeasure><QtyInPackage>לא ידוע</QtyInPackage><UnitOfMeasurePrice>0.0199</UnitOfMeasurePrice><AllowDiscount>1</AllowDiscount><ItemStatus>1</ItemStatus><ItemPrice>16.90</ItemPrice></item><item><PriceUpdateDate>2015-10-11 14:22:46</PriceUpdateDate><ItemCode>7290000455181</ItemCode><ItemType>1</ItemType><ItemName>חטיף דוריטוס חמוץ חר</ItemName><ManufacturerName>דוריטוס</ManufacturerName><ManufactureCountry>ישראל</ManufactureCountry><ManufacturerItemDescription>דוריטוס חמוץ חריף 55 גרם</ManufacturerItemDescription><SoldByWeight/><Quantity>55.00</Quantity><UnitOfMeasure>גרם     </UnitOfMeasure><QtyInPackage>לא ידוע</QtyInPackage><UnitOfMeasurePrice>0.0655</UnitOfMeasurePrice><AllowDiscount>1</AllowDiscount><ItemStatus>1</ItemStatus><ItemPrice>3.60</ItemPrice></item><item><PriceUpdateDate>2015-10-14 10:41:04</PriceUpdateDate><ItemCode>7290000455297</ItemCode><ItemType>1</ItemType><ItemName>פפסי קולה קול 500 מ"</ItemName><ManufacturerName>פפסי</ManufacturerName><ManufactureCountry>ישראל</ManufactureCountry><ManufacturerItemDescription>פפסי קולה 500 מל</ManufacturerItemDescription><SoldByWeight/><Quantity>500.00</Quantity><UnitOfMeasure>מ"ל</UnitOfMeasure><QtyInPackage>לא ידוע</QtyInPackage><UnitOfMeasurePrice>0.0144</UnitOfMeasurePrice><AllowDiscount>1</AllowDiscount><ItemStatus>1</ItemStatus><ItemPrice>7.20</ItemPrice></item><item><PriceUpdateDate>2015-10-14 10:41:04</PriceUpdateDate><ItemCode>7290000455303</ItemCode><ItemType>1</ItemType><ItemName>בקבוק פפסי מקס 0.5 ל</ItemName><ManufacturerName>פפסי מקס</ManufacturerName><ManufactureCountry>ישראל</ManufactureCountry><ManufacturerItemDescription>פפסי מקס 500 מל</ManufacturerItemDescription><SoldByWeight/><Quantity>500.00</Quantity><UnitOfMeasure>מ"ל</UnitOfMeasure><QtyInPackage>לא ידוע</QtyInPackage><UnitOfMeasurePrice>0.0144</UnitOfMeasurePrice><AllowDiscount>1</AllowDiscount><ItemStatus>1</ItemStatus><ItemPrice>7.20</ItemPrice></item><item><PriceUpdateDate>2015-10-14 10:41:04</PriceUpdateDate><ItemCode>7290000455310</ItemCode><ItemType>1</ItemType><ItemName>בקבוק מירנדה 0.5 ליט</ItemName><ManufacturerName>מירינדה תפוז</ManufacturerName><ManufactureCountry>ישראל</ManufactureCountry><ManufacturerItemDescription>מירנדה 500 מל</ManufacturerItemDescription><SoldByWeight/><Quantity>500.00</Quantity><UnitOfMeasure>מ"ל</UnitOfMeasure><QtyInPackage>לא ידוע</QtyInPackage><UnitOfMeasurePrice>0.0144</UnitOfMeasurePrice><AllowDiscount>1</AllowDiscount><ItemStatus>1</ItemStatus><ItemPrice>7.20</ItemPrice></item><item><PriceUpdateDate>2015-10-14 10:41:04</PriceUpdateDate><ItemCode>7290000455327</ItemCode><ItemType>1</ItemType><ItemName>בקבוק סבן אפ 0.5 ליט</ItemName><ManufacturerName>7 אפ</ManufacturerName><ManufactureCountry>ישראל</ManufactureCountry><ManufacturerItemDescription>בקבוק סבן אפ 0.5 ליט</ManufacturerItemDescription><SoldByWeight/><Quantity>500.00</Quantity><UnitOfMeasure>מ"ל</UnitOfMeasure><QtyInPackage>לא ידוע</QtyInPackage><UnitOfMeasurePrice>0.0144</UnitOfMeasurePrice><AllowDiscount>1</AllowDiscount><ItemStatus>1</ItemStatus><ItemPrice>7.20</ItemPrice></item><item><PriceUpdateDate>2015-10-14 10:41:04</PriceUpdateDate><ItemCode>7290000455334</ItemCode><ItemType>1</ItemType><ItemName>בקבוק דיאט סבן אפ 0.</ItemName><ManufacturerName>7 אפ דיאט</ManufacturerName><ManufactureCountry>ישראל</ManufactureCountry><ManufacturerItemDescription>בקבוק דיאט סבן אפ 0.</ManufacturerItemDescription><SoldByWeight/><Quantity>500.00</Quantity><UnitOfMeasure>מ"ל</UnitOfMeasure><QtyInPackage>לא ידוע</QtyInPackage><UnitOfMeasurePrice>0.0144</UnitOfMeasurePrice><AllowDiscount>1</AllowDiscount><ItemStatus>1</ItemStatus><ItemPrice>7.20</ItemPrice></item><item><PriceUpdateDate>2016-05-01 12:02:00</PriceUpdateDate><ItemCode>7290000455594</ItemCode><ItemType>1</ItemType><ItemName>מעדן משמש 100% פרי 2</ItemName><ManufacturerName>יד מרדכי</ManufacturerName><ManufactureCountry>ישראל</ManufactureCountry><ManufacturerItemDescription>מעדן משמש 100% פרי 2</ManufacturerItemDescription><SoldByWeight/><Quantity>250.00</Quantity><UnitOfMeasure>גרם     </UnitOfMeasure><QtyInPackage>לא ידוע</QtyInPackage><UnitOfMeasurePrice>0.0652</UnitOfMeasurePrice><AllowDiscount>1</AllowDiscount><ItemStatus>1</ItemStatus><ItemPrice>16.30</ItemPrice></item><item><PriceUpdateDate>2016-05-01 12:02:00</PriceUpdateDate><ItemCode>7290000455600</ItemCode><ItemType>1</ItemType><ItemName>מעדן תות 100% פרי 25</ItemName><ManufacturerName>יד מרדכי</ManufacturerName><ManufactureCountry>ישראל</ManufactureCountry><ManufacturerItemDescription>מעדן תות 100% פרי 250 גרם</ManufacturerItemDescription><SoldByWeight/><Quantity>250.00</Quantity><UnitOfMeasure>גרם     </UnitOfMeasure><QtyInPackage>לא ידוע</QtyInPackage><UnitOfMeasurePrice>0.0652</UnitOfMeasurePrice><AllowDiscount>1</AllowDiscount><ItemStatus>1</ItemStatus><ItemPrice>16.30</ItemPrice></item><item><PriceUpdateDate>2016-05-01 12:02:00</PriceUpdateDate><ItemCode>7290000455617</ItemCode><ItemType>1</ItemType><ItemName>מעדן פירות יער 100%</ItemName><ManufacturerName>יד מרדכי</ManufacturerName><ManufactureCountry>ישראל</ManufactureCountry><ManufacturerItemDescription>מעדן פירות יער 100% פרי 2</ManufacturerItemDescription><SoldByWeight/><Quantity>250.00</Quantity><UnitOfMeasure>גרם     </UnitOfMeasure><QtyInPackage>לא ידוע</QtyInPackage><UnitOfMeasurePrice>0.0652</UnitOfMeasurePrice><AllowDiscount>1</AllowDiscount><ItemStatus>1</ItemStatus><ItemPrice>16.30</ItemPrice></item><item><PriceUpdateDate>2016-05-01 12:02:00</PriceUpdateDate><ItemCode>7290000455655</ItemCode><ItemType>1</ItemType><ItemName>שמן זית יד מרדכי כתי</ItemName><ManufacturerName>יד מרדכי</ManufacturerName><ManufactureCountry>ישראל</ManufactureCountry><ManufacturerItemDescription>שמן זית כתית מעולה2- קלאס</ManufacturerItemDescription><SoldByWeight/><Quantity>750.00</Quantity><UnitOfMeasure>מ"ל</UnitOfMeasure><QtyInPackage>לא ידוע</QtyInPackage><UnitOfMeasurePrice>0.0492</UnitOfMeasurePrice><AllowDiscount>1</AllowDiscount><ItemStatus>1</ItemStatus><ItemPrice>36.90</ItemPrice></item><item><PriceUpdateDate>2016-03-16 14:00:58</PriceUpdateDate><ItemCode>7290000455693</ItemCode><ItemType>1</ItemType><ItemName>דנונה בר תות קורנפלק</ItemName><ManufacturerName>דנונה</ManufacturerName><ManufactureCountry>ישראל</ManufactureCountry><ManufacturerItemDescription>דנונהבר תות קורנפלקס מצופ</ManufacturerItemDescription><SoldByWeight/><Quantity>175.00</Quantity><UnitOfMeasure>מ"ל</UnitOfMeasure><QtyInPackage>לא ידוע</QtyInPackage><UnitOfMeasurePrice>0.0257</UnitOfMeasurePrice><AllowDiscount>1</AllowDiscount><ItemStatus>1</ItemStatus><ItemPrice>4.50</ItemPrice></item><item><PriceUpdateDate>2016-02-21 07:01:42</PriceUpdateDate><ItemCode>7290000455792</ItemCode><ItemType>1</ItemType><ItemName>מארז שמינייה דני שוק</ItemName><ManufacturerName>דני</ManufacturerName><ManufactureCountry>ישראל</ManufactureCountry><ManufacturerItemDescription>מארז שמינייה דני שוק</ManufacturerItemDescription><SoldByWeight/><Quantity>1000.00</Quantity><UnitOfMeasure>גרם     </UnitOfMeasure><QtyInPackage>לא ידוע</QtyInPackage><UnitOfMeasurePrice>0.0169</UnitOfMeasurePrice><AllowDiscount>1</AllowDiscount><ItemStatus>1</ItemStatus><ItemPrice>16.90</ItemPrice></item><item><PriceUpdateDate>2015-11-13 10:56:29</PriceUpdateDate><ItemCode>7290000456324</ItemCode><ItemType>1</ItemType><ItemName>קוטג' 3% טרה 250 גרם</ItemName><ManufacturerName>טרה</ManufacturerName><ManufactureCountry>ישראל</ManufactureCountry><ManufacturerItemDescription>קוטג מועשר 250 3% גרם</ManufacturerItemDescription><SoldByWeight/><Quantity>250.00</Quantity><UnitOfMeasure>גרם     </UnitOfMeasure><QtyInPackage>לא ידוע</QtyInPackage><UnitOfMeasurePrice>0.0228</UnitOfMeasurePrice><AllowDiscount>1</AllowDiscount><ItemStatus>1</ItemStatus><ItemPrice>5.70</ItemPrice></item><item><PriceUpdateDate>2016-02-11 11:10:54</PriceUpdateDate><ItemCode>7290000456355</ItemCode><ItemType>1</ItemType><ItemName>חלב טרה 3% בקרטון 2</ItemName><ManufacturerName>טרה</ManufacturerName><ManufactureCountry>ישראל</ManufactureCountry><ManufacturerItemDescription>חלב טרה 3% בקרטון 2</ManufacturerItemDescription><SoldByWeight/><Quantity>2000.00</Quantity><UnitOfMeasure>מ"ל</UnitOfMeasure><QtyInPackage>לא ידוע</QtyInPackage><UnitOfMeasurePrice>0.0058</UnitOfMeasurePrice><AllowDiscount>1</AllowDiscount><ItemStatus>1</ItemStatus><ItemPrice>11.50</ItemPrice></item><item><PriceUpdateDate>2015-10-13 11:27:32</PriceUpdateDate><ItemCode>7290000456393</ItemCode><ItemType>1</ItemType><ItemName>גבינה לבנה 3% טרה מה</ItemName><ManufacturerName>טרה</ManufacturerName><ManufactureCountry>ישראל</ManufactureCountry><ManufacturerItemDescription>גבינה לבנה 250 3% גרם מהד</ManufacturerItemDescription><SoldByWeight/><Quantity>250.00</Quantity><UnitOfMeasure>גרם     </UnitOfMeasure><QtyInPackage>לא ידוע</QtyInPackage><UnitOfMeasurePrice>0.0196</UnitOfMeasurePrice><AllowDiscount>1</AllowDiscount><ItemStatus>1</ItemStatus><ItemPrice>4.90</ItemPrice></item><item><PriceUpdateDate>2016-03-01 07:12:53</PriceUpdateDate><ItemCode>7290000456409</ItemCode><ItemType>1</ItemType><ItemName>מב גבינה לבנה 5% מהד</ItemName><ManufacturerName>טרה</ManufacturerName><ManufactureCountry>ישראל</ManufactureCountry><ManufacturerItemDescription>מב גבינה לבנה 5% מהד</ManufacturerItemDescription><SoldByWeight/><Quantity>500.00</Quantity><UnitOfMeasure>גרם     </UnitOfMeasure><QtyInPackage>לא ידוע</QtyInPackage><UnitOfMeasurePrice>0.0178</UnitOfMeasurePrice><AllowDiscount>1</AllowDiscount><ItemStatus>1</ItemStatus><ItemPrice>8.90</ItemPrice></item><item><PriceUpdateDate>2015-11-13 10:56:29</PriceUpdateDate><ItemCode>7290000457260</ItemCode><ItemType>1</ItemType><ItemName>קוטג' 5% 250 גרם שטר</ItemName><ManufacturerName>קוטג שטראוס</ManufacturerName><ManufactureCountry>ישראל</ManufactureCountry><ManufacturerItemDescription>קוטג+5% סידן 250 גרם</ManufacturerItemDescription><SoldByWeight/><Quantity>250.00</Quantity><UnitOfMeasure>גרם     </UnitOfMeasure><QtyInPackage>לא ידוע</QtyInPackage><UnitOfMeasurePrice>0.0236</UnitOfMeasurePrice><AllowDiscount>1</AllowDiscount><ItemStatus>1</ItemStatus><ItemPrice>5.90</ItemPrice></item><item><PriceUpdateDate>2015-12-28 12:32:12</PriceUpdateDate><ItemCode>7290000457277</ItemCode><ItemType>1</ItemType><ItemName>דנונה קפוצינו 0% 150</ItemName><ManufacturerName>דנונה</ManufacturerName><ManufactureCountry>ישראל</ManufactureCountry><ManufacturerItemDescription>דנונה קפוצינו 0% 150</ManufacturerItemDescription><SoldByWeight/><Quantity>150.00</Quantity><UnitOfMeasure>גרם     </UnitOfMeasure><QtyInPackage>לא ידוע</QtyInPackage><UnitOfMeasurePrice>0.0333</UnitOfMeasurePrice><AllowDiscount>1</AllowDiscount><ItemStatus>1</ItemStatus><ItemPrice>5.00</ItemPrice></item><item><PriceUpdateDate>2016-05-01 12:02:03</PriceUpdateDate><ItemCode>7290000458281</ItemCode><ItemType>1</ItemType><ItemName>מעדן תפוז 100% פרי 2</ItemName><ManufacturerName>יד מרדכי</ManufacturerName><ManufactureCountry>ישראל</ManufactureCountry><ManufacturerItemDescription>מעדן תפוז 100% פרי 250 גר</ManufacturerItemDescription><SoldByWeight/><Quantity>250.00</Quantity><UnitOfMeasure>גרם     </UnitOfMeasure><QtyInPackage>לא ידוע</QtyInPackage><UnitOfMeasurePrice>0.0652</UnitOfMeasurePrice><AllowDiscount>1</AllowDiscount><ItemStatus>1</ItemStatus><ItemPrice>16.30</ItemPrice></item><item><PriceUpdateDate>2015-10-22 08:37:08</PriceUpdateDate><ItemCode>7290000458397</ItemCode><ItemType>1</ItemType><ItemName>מילקשייק שוקו עם סיר</ItemName><ManufacturerName>יטבתה</ManufacturerName><ManufactureCountry>ישראל</ManufactureCountry><ManufacturerItemDescription>מילקשייק שוקו סירופ שוקול</ManufacturerItemDescription><SoldByWeight/><Quantity>350.00</Quantity><UnitOfMeasure>מ"ל</UnitOfMeasure><QtyInPackage>לא ידוע</QtyInPackage><UnitOfMeasurePrice>0.0203</UnitOfMeasurePrice><AllowDiscount>1</AllowDiscount><ItemStatus>1</ItemStatus><ItemPrice>7.10</ItemPrice></item><item><PriceUpdateDate>2015-10-22 08:37:08</PriceUpdateDate><ItemCode>7290000458403</ItemCode><ItemType>1</ItemType><ItemName>מילקשייק וניל עם סיר</ItemName><ManufacturerName>יטבתה</ManufacturerName><ManufactureCountry>ישראל</ManufactureCountry><ManufacturerItemDescription>מילקשייק וניל עם סיר</ManufacturerItemDescription><SoldByWeight/><Quantity>350.00</Quantity><UnitOfMeasure>מ"ל</UnitOfMeasure><QtyInPackage>לא ידוע</QtyInPackage><UnitOfMeasurePrice>0.0203</UnitOfMeasurePrice><AllowDiscount>1</AllowDiscount><ItemStatus>1</ItemStatus><ItemPrice>7.10</ItemPrice></item><item><PriceUpdateDate>2015-11-13 10:56:45</PriceUpdateDate><ItemCode>7290000458410</ItemCode><ItemType>1</ItemType><ItemName>שוקו בבקבוק מארז 8 *</ItemName><ManufacturerName>יטבתה</ManufacturerName><ManufactureCountry>ישראל</ManufactureCountry><ManufacturerItemDescription>מארז שוקו בבקבוק עם פקק 8</ManufacturerItemDescription><SoldByWeight/><Quantity>1200.00</Quantity><UnitOfMeasure>מ"ל</UnitOfMeasure><QtyInPackage>לא ידוע</QtyInPackage><UnitOfMeasurePrice>0.0173</UnitOfMeasurePrice><AllowDiscount>1</AllowDiscount><ItemStatus>1</ItemStatus><ItemPrice>20.80</ItemPrice></item><item><PriceUpdateDate>2016-03-16 14:00:25</PriceUpdateDate><ItemCode>7290000458595</ItemCode><ItemType>1</ItemType><ItemName>מטרנה חלבי שלב 3 700</ItemName><ManufacturerName>מטרנה</ManufacturerName><ManufactureCountry>ישראל</ManufactureCountry><ManufacturerItemDescription>מטרנה חלבי שלב 3 700</ManufacturerItemDescription><SoldByWeight/><Quantity>700.00</Quantity><UnitOfMeasure>גרם     </UnitOfMeasure><QtyInPackage>לא ידוע</QtyInPackage><UnitOfMeasurePrice>0.0756</UnitOfMeasurePrice><AllowDiscount>1</AllowDiscount><ItemStatus>1</ItemStatus><ItemPrice>52.90</ItemPrice></item><item><PriceUpdateDate>2015-12-17 11:43:06</PriceUpdateDate><ItemCode>7290000458878</ItemCode><ItemType>1</ItemType><ItemName>מארז אקטימל תות 14 י</ItemName><ManufacturerName>אקטימל</ManufacturerName><ManufactureCountry>ישראל</ManufactureCountry><ManufacturerItemDescription>מארז אקטימל תות 14 י</ManufacturerItemDescription><SoldByWeight/><Quantity>1480.00</Quantity><UnitOfMeasure>מ"ל</UnitOfMeasure><QtyInPackage>לא ידוע</QtyInPackage><UnitOfMeasurePrice>0.0216</UnitOfMeasurePrice><AllowDiscount>1</AllowDiscount><ItemStatus>1</ItemStatus><ItemPrice>31.90</ItemPrice></item><item><PriceUpdateDate>2016-03-29 07:10:24</PriceUpdateDate><ItemCode>7290000459110</ItemCode><ItemType>1</ItemType><ItemName>סלט מטבוחה רפי כהן 4</ItemName><ManufacturerName>צבר</ManufacturerName><ManufactureCountry>ישראל</ManufactureCountry><ManufacturerItemDescription>מטבוחה רפי</ManufacturerItemDescription><SoldByWeight/><Quantity>400.00</Quantity><UnitOfMeasure>גרם     </UnitOfMeasure><QtyInPackage>לא ידוע</QtyInPackage><UnitOfMeasurePrice>0.0413</UnitOfMeasurePrice><AllowDiscount>1</AllowDiscount><ItemStatus>1</ItemStatus><ItemPrice>16.50</ItemPrice></item><item><PriceUpdateDate>2016-03-29 07:10:25</PriceUpdateDate><ItemCode>7290000459134</ItemCode><ItemType>1</ItemType><ItemName>סלט חציל בטחינה רפי</ItemName><ManufacturerName>צבר</ManufacturerName><ManufactureCountry>ישראל</ManufactureCountry><ManufacturerItemDescription>חציל בטחינה רפי 400 גר</ManufacturerItemDescription><SoldByWeight/><Quantity>400.00</Quantity><UnitOfMeasure>גרם     </UnitOfMeasure><QtyInPackage>לא ידוע</QtyInPackage><UnitOfMeasurePrice>0.0413</UnitOfMeasurePrice><AllowDiscount>1</AllowDiscount><ItemStatus>1</ItemStatus><ItemPrice>16.50</ItemPrice></item><item><PriceUpdateDate>2016-03-29 07:10:25</PriceUpdateDate><ItemCode>7290000459141</ItemCode><ItemType>1</ItemType><ItemName>סלט טחינה לבנה רפי כ</ItemName><ManufacturerName>צבר</ManufacturerName><ManufactureCountry>ישראל</ManufactureCountry><ManufacturerItemDescription>טחינה לבנה רפי</ManufacturerItemDescription><SoldByWeight/><Quantity>400.00</Quantity><UnitOfMeasure>גרם     </UnitOfMeasure><QtyInPackage>לא ידוע</QtyInPackage><UnitOfMeasurePrice>0.0413</UnitOfMeasurePrice><AllowDiscount>1</AllowDiscount><ItemStatus>1</ItemStatus><ItemPrice>16.50</ItemPrice></item><item><PriceUpdateDate>2014-12-28 17:50:23</PriceUpdateDate><ItemCode>7290000459196</ItemCode><ItemType>1</ItemType><ItemName>תפו"א פלחים 700 גרם</ItemName><ManufacturerName>תפוגן</ManufacturerName><ManufactureCountry>ישראל</ManufactureCountry><ManufacturerItemDescription>תפו"א פלחים 700 גרם</ManufacturerItemDescription><SoldByWeight/><Quantity>700.00</Quantity><UnitOfMeasure>גרם     </UnitOfMeasure><QtyInPackage>לא ידוע</QtyInPackage><UnitOfMeasurePrice>0.0219</UnitOfMeasurePrice><AllowDiscount>1</AllowDiscount><ItemStatus>1</ItemStatus><ItemPrice>15.30</ItemPrice></item><item><PriceUpdateDate>2016-03-29 07:28:08</PriceUpdateDate><ItemCode>7290000459516</ItemCode><ItemType>1</ItemType><ItemName>מב חרדל דיג'ון גרגיר</ItemName><ManufacturerName>לא ממותג</ManufacturerName><ManufactureCountry>צרפת</ManufactureCountry><ManufacturerItemDescription>חרדל דיגון גרעינים 350 גר</ManufacturerItemDescription><SoldByWeight/><Quantity>350.00</Quantity><UnitOfMeasure>גרם     </UnitOfMeasure><QtyInPackage>לא ידוע</QtyInPackage><UnitOfMeasurePrice>0.0283</UnitOfMeasurePrice><AllowDiscount>1</AllowDiscount><ItemStatus>1</ItemStatus><ItemPrice>9.90</ItemPrice></item><item><PriceUpdateDate>2015-10-14 10:41:04</PriceUpdateDate><ItemCode>7290000460024</ItemCode><ItemType>1</ItemType><ItemName>שישיית אקווה נובה 2</ItemName><ManufacturerName>אקווה נובה</ManufacturerName><ManufactureCountry>ישראל</ManufactureCountry><ManufacturerItemDescription>אקווה נובה שישייה 2 ליטר</ManufacturerItemDescription><SoldByWeight/><Quantity>12000.00</Quantity><UnitOfMeasure>מ"ל</UnitOfMeasure><QtyInPackage>לא ידוע</QtyInPackage><UnitOfMeasurePrice>0.0009</UnitOfMeasurePrice><AllowDiscount>0</AllowDiscount><ItemStatus>1</ItemStatus><ItemPrice>11.30</ItemPrice></item><item><PriceUpdateDate>2016-05-01 12:02:06</PriceUpdateDate><ItemCode>7290000461267</ItemCode><ItemType>1</ItemType><ItemName>מרכך כביסה בדין אקסט</ItemName><ManufacturerName>בדין</ManufacturerName><ManufactureCountry>ישראל</ManufactureCountry><ManufacturerItemDescription>מרכך כביסה בדין  960 מ"ל</ManufacturerItemDescription><SoldByWeight/><Quantity>960.00</Quantity><UnitOfMeasure>מ"ל</UnitOfMeasure><QtyInPackage>לא ידוע</QtyInPackage><UnitOfMeasurePrice>0.0207</UnitOfMeasurePrice><AllowDiscount>0</AllowDiscount><ItemStatus>1</ItemStatus><ItemPrice>19.90</ItemPrice></item><item><PriceUpdateDate>2016-02-02 05:49:59</PriceUpdateDate><ItemCode>7290000461472</ItemCode><ItemType>1</ItemType><ItemName>רוטב הלמנס לסלט אלף</ItemName><ManufacturerName>הלמנס</ManufacturerName><ManufactureCountry>ישראל</ManufactureCountry><ManufacturerItemDescription>רוטב הלמנס לסלט אלף</ManufacturerItemDescription><SoldByWeight/><Quantity>290.00</Quantity><UnitOfMeasure>מ"ל</UnitOfMeasure><QtyInPackage>לא ידוע</QtyInPackage><UnitOfMeasurePrice>0.0493</UnitOfMeasurePrice><AllowDiscount>1</AllowDiscount><ItemStatus>1</ItemStatus><ItemPrice>14.30</ItemPrice></item><item><PriceUpdateDate>2015-12-10 06:52:30</PriceUpdateDate><ItemCode>7290000462059</ItemCode><ItemType>1</ItemType><ItemName>תחליב רחצה פינוק קוק</ItemName><ManufacturerName>פינוק</ManufacturerName><ManufactureCountry>ישראל</ManufactureCountry><ManufacturerItemDescription>תחליב רחצה פינוק קוק</ManufacturerItemDescription><SoldByWeight/><Quantity>700.00</Quantity><UnitOfMeasure>מ"ל</UnitOfMeasure><QtyInPackage>לא ידוע</QtyInPackage><UnitOfMeasurePrice>0.0199</UnitOfMeasurePrice><AllowDiscount>1</AllowDiscount><ItemStatus>1</ItemStatus><ItemPrice>13.90</ItemPrice></item><item><PriceUpdateDate>2015-11-15 20:35:06</PriceUpdateDate><ItemCode>7290000462172</ItemCode><ItemType>1</ItemType><ItemName>סחוג ירוק זהבי 150 ג</ItemName><ManufacturerName>זהבי הכרם</ManufacturerName><ManufactureCountry>ישראל</ManufactureCountry><ManufacturerItemDescription>סחוג ירוק150 גר</ManufacturerItemDescription><SoldByWeight/><Quantity>150.00</Quantity><UnitOfMeasure>גרם     </UnitOfMeasure><QtyInPackage>לא ידוע</QtyInPackage><UnitOfMeasurePrice>0.0627</UnitOfMeasurePrice><AllowDiscount>1</AllowDiscount><ItemStatus>1</ItemStatus><ItemPrice>9.40</ItemPrice></item><item><PriceUpdateDate>2016-05-01 12:02:07</PriceUpdateDate><ItemCode>7290000462363</ItemCode><ItemType>1</ItemType><ItemName>קרם קרקר חיטה מלאה 2</ItemName><ManufacturerName>קרם קרקר אסם</ManufacturerName><ManufactureCountry>ישראל</ManufactureCountry><ManufacturerItemDescription>קרקר קרם פלוס חיטה מלאה 3</ManufacturerItemDescription><SoldByWeight/><Quantity>250.00</Quantity><UnitOfMeasure>גרם     </UnitOfMeasure><QtyInPackage>לא ידוע</QtyInPackage><UnitOfMeasurePrice>0.0480</UnitOfMeasurePrice><AllowDiscount>1</AllowDiscount><ItemStatus>1</ItemStatus><ItemPrice>11.90</ItemPrice></item><item><PriceUpdateDate>2016-05-01 10:19:38</PriceUpdateDate><ItemCode>7290000462400</ItemCode><ItemType>1</ItemType><ItemName>מב מארז חטיף אפרופו</ItemName><ManufacturerName>אסם</ManufacturerName><ManufactureCountry>ישראל</ManufactureCountry><ManufacturerItemDescription>מב מארז חטיף אפרופו</ManufacturerItemDescription><SoldByWeight/><Quantity>150.00</Quantity><UnitOfMeasure>גרם     </UnitOfMeasure><QtyInPackage>לא ידוע</QtyInPackage><UnitOfMeasurePrice>0.0793</UnitOfMeasurePrice><AllowDiscount>1</AllowDiscount><ItemStatus>1</ItemStatus><ItemPrice>11.90</ItemPrice></item><item><PriceUpdateDate>2016-03-01 07:12:54</PriceUpdateDate><ItemCode>7290000462783</ItemCode><ItemType>1</ItemType><ItemName>במבה במילוי נוגט 60</ItemName><ManufacturerName>במבה</ManufacturerName><ManufactureCountry>ישראל</ManufactureCountry><ManufacturerItemDescription>במבה במילוי נוגט 60 גרם</ManufacturerItemDescription><SoldByWeight/><Quantity>60.00</Quantity><UnitOfMeasure>גרם     </UnitOfMeasure><QtyInPackage>לא ידוע</QtyInPackage><UnitOfMeasurePrice>0.0933</UnitOfMeasurePrice><AllowDiscount>1</AllowDiscount><ItemStatus>1</ItemStatus><ItemPrice>5.60</ItemPrice></item><item><PriceUpdateDate>2016-05-04 07:47:52</PriceUpdateDate><ItemCode>7290000462875</ItemCode><ItemType>1</ItemType><ItemName>מב האני נאט צ'יריוס</ItemName><ManufacturerName>הני נט צריוס</ManufacturerName><ManufactureCountry>ארצות הברית</ManufactureCountry><ManufacturerItemDescription>חטיף ביסקוויט   ם חלב32ג</ManufacturerItemDescription><SoldByWeight/><Quantity>615.00</Quantity><UnitOfMeasure>גרם     </UnitOfMeasure><QtyInPackage>לא ידוע</QtyInPackage><UnitOfMeasurePrice>0.0324</UnitOfMeasurePrice><AllowDiscount>1</AllowDiscount><ItemStatus>1</ItemStatus><ItemPrice>19.90</ItemPrice></item><item><PriceUpdateDate>2016-03-16 14:00:25</PriceUpdateDate><ItemCode>7290000463094</ItemCode><ItemType>1</ItemType><ItemName>חטיפי מיני עלית מיקס</ItemName><ManufacturerName>מיקס</ManufacturerName><ManufactureCountry>ישראל</ManufactureCountry><ManufacturerItemDescription>חטיפי מיני עלית מיקס</ManufacturerItemDescription><SoldByWeight/><Quantity>390.00</Quantity><UnitOfMeasure>גרם     </UnitOfMeasure><QtyInPackage>לא ידוע</QtyInPackage><UnitOfMeasurePrice>0.0638</UnitOfMeasurePrice><AllowDiscount>1</AllowDiscount><ItemStatus>1</ItemStatus><ItemPrice>24.90</ItemPrice></item><item><PriceUpdateDate>2016-05-01 12:02:11</PriceUpdateDate><ItemCode>7290000463384</ItemCode><ItemType>1</ItemType><ItemName>שוקולד ספלנדיד מריר</ItemName><ManufacturerName>ספלנדיד</ManufacturerName><ManufactureCountry>ישראל</ManufactureCountry><ManufacturerItemDescription>שוקולד ספלנדיד מריר עם קפ</ManufacturerItemDescription><SoldByWeight/><Quantity>100.00</Quantity><UnitOfMeasure>גרם     </UnitOfMeasure><QtyInPackage>לא ידוע</QtyInPackage><UnitOfMeasurePrice>0.1190</UnitOfMeasurePrice><AllowDiscount>1</AllowDiscount><ItemStatus>1</ItemStatus><ItemPrice>11.90</ItemPrice></item><item><PriceUpdateDate>2016-05-01 12:02:11</PriceUpdateDate><ItemCode>7290000463506</ItemCode><ItemType>1</ItemType><ItemName>אבקת קקאו עלית 500 ג</ItemName><ManufacturerName>עלית</ManufacturerName><ManufactureCountry>ישראל</ManufactureCountry><ManufacturerItemDescription>אבקת קקאו עלית 500 ג</ManufacturerItemDescription><SoldByWeight/><Quantity>500.00</Quantity><UnitOfMeasure>גרם     </UnitOfMeasure><QtyInPackage>לא ידוע</QtyInPackage><UnitOfMeasurePrice>0.0598</UnitOfMeasurePrice><AllowDiscount>1</AllowDiscount><ItemStatus>1</ItemStatus><ItemPrice>29.90</ItemPrice></item><item><PriceUpdateDate>2016-01-15 07:10:21</PriceUpdateDate><ItemCode>7290000463643</ItemCode><ItemType>1</ItemType><ItemName>מאגדת זוג שוקולד פרה</ItemName><ManufacturerName>פרה</ManufacturerName><ManufactureCountry>ישראל</ManufactureCountry><ManufacturerItemDescription>מאגדת זוג שוקולד פרה</ManufacturerItemDescription><SoldByWeight/><Quantity>200.00</Quantity><UnitOfMeasure>גרם     </UnitOfMeasure><QtyInPackage>לא ידוע</QtyInPackage><UnitOfMeasurePrice>0.0795</UnitOfMeasurePrice><AllowDiscount>1</AllowDiscount><ItemStatus>1</ItemStatus><ItemPrice>15.90</ItemPrice></item><item><PriceUpdateDate>2016-03-16 14:00:26</PriceUpdateDate><ItemCode>7290000463834</ItemCode><ItemType>1</ItemType><ItemName>שמפו הוואי חמאת שיאה</ItemName><ManufacturerName>הוואי</ManufacturerName><ManufactureCountry>ישראל</ManufactureCountry><ManufacturerItemDescription>הוואי שמפו חמאת שיאה וקוק</ManufacturerItemDescription><SoldByWeight/><Quantity>700.00</Quantity><UnitOfMeasure>מ"ל</UnitOfMeasure><QtyInPackage>לא ידוע</QtyInPackage><UnitOfMeasurePrice>0.0141</UnitOfMeasurePrice><AllowDiscount>0</AllowDiscount><ItemStatus>1</ItemStatus><ItemPrice>9.90</ItemPrice></item><item><PriceUpdateDate>2016-03-01 06:43:36</PriceUpdateDate><ItemCode>7290000464916</ItemCode><ItemType>1</ItemType><ItemName>תפוצ'יפס קראנצ' מקסי</ItemName><ManufacturerName>תפוציפס</ManufacturerName><ManufactureCountry>ישראל</ManufactureCountry><ManufacturerItemDescription>תפוציפס קראנץ מקסיקני 200</ManufacturerItemDescription><SoldByWeight/><Quantity>200.00</Quantity><UnitOfMeasure>גרם     </UnitOfMeasure><QtyInPackage>לא ידוע</QtyInPackage><UnitOfMeasurePrice>0.0610</UnitOfMeasurePrice><AllowDiscount>1</AllowDiscount><ItemStatus>1</ItemStatus><ItemPrice>12.20</ItemPrice></item><item><PriceUpdateDate>2015-12-17 11:43:06</PriceUpdateDate><ItemCode>7290000465012</ItemCode><ItemType>1</ItemType><ItemName>מארז אקטימל תות בננה</ItemName><ManufacturerName>אקטימל</ManufacturerName><ManufactureCountry>ישראל</ManufactureCountry><ManufacturerItemDescription>מארז אקטימל תות בננה</ManufacturerItemDescription><SoldByWeight/><Quantity>850.00</Quantity><UnitOfMeasure>מ"ל</UnitOfMeasure><QtyInPackage>לא ידוע</QtyInPackage><UnitOfMeasurePrice>0.0258</UnitOfMeasurePrice><AllowDiscount>1</AllowDiscount><ItemStatus>1</ItemStatus><ItemPrice>21.90</ItemPrice></item><item><PriceUpdateDate>2015-11-02 17:19:15</PriceUpdateDate><ItemCode>7290000465111</ItemCode><ItemType>1</ItemType><ItemName>חטיף דוריטוס חמוץ חר</ItemName><ManufacturerName>דוריטוס</ManufacturerName><ManufactureCountry>ישראל</ManufactureCountry><ManufacturerItemDescription>דוריטוס חמוץ חריף 200 גרם</ManufacturerItemDescription><SoldByWeight/><Quantity>200.00</Quantity><UnitOfMeasure>גרם     </UnitOfMeasure><QtyInPackage>לא ידוע</QtyInPackage><UnitOfMeasurePrice>0.0505</UnitOfMeasurePrice><AllowDiscount>1</AllowDiscount><ItemStatus>1</ItemStatus><ItemPrice>10.10</ItemPrice></item><item><PriceUpdateDate>2016-01-14 06:59:40</PriceUpdateDate><ItemCode>7290000465173</ItemCode><ItemType>1</ItemType><ItemName>מסטיק מאסט בזוקה 28</ItemName><ManufacturerName>מאסט</ManufacturerName><ManufactureCountry>ישראל</ManufactureCountry><ManufacturerItemDescription>מסטיק מאסט בטעם בזוקה</ManufacturerItemDescription><SoldByWeight/><Quantity>28.00</Quantity><UnitOfMeasure>גרם     </UnitOfMeasure><QtyInPackage>לא ידוע</QtyInPackage><UnitOfMeasurePrice>0.1607</UnitOfMeasurePrice><AllowDiscount>1</AllowDiscount><ItemStatus>1</ItemStatus><ItemPrice>4.50</ItemPrice></item><item><PriceUpdateDate>2015-10-13 11:27:32</PriceUpdateDate><ItemCode>7290000465944</ItemCode><ItemType>1</ItemType><ItemName>יוגורט פרופתות מולר</ItemName><ManufacturerName>מולר</ManufacturerName><ManufactureCountry>ישראל</ManufactureCountry><ManufacturerItemDescription>פרופ תות מולר 150 מל</ManufacturerItemDescription><SoldByWeight/><Quantity>150.00</Quantity><UnitOfMeasure>מ"ל</UnitOfMeasure><QtyInPackage>לא ידוע</QtyInPackage><UnitOfMeasurePrice>0.0367</UnitOfMeasurePrice><AllowDiscount>1</AllowDiscount><ItemStatus>1</ItemStatus><ItemPrice>5.50</ItemPrice></item><item><PriceUpdateDate>2015-10-13 11:27:32</PriceUpdateDate><ItemCode>7290000465968</ItemCode><ItemType>1</ItemType><ItemName>יוגורט פרופאפרסק ופס</ItemName><ManufacturerName>מולר</ManufacturerName><ManufactureCountry>ישראל</ManufactureCountry><ManufacturerItemDescription>פרופ אפרסק פסיפלורה מולר</ManufacturerItemDescription><SoldByWeight/><Quantity>150.00</Quantity><UnitOfMeasure>מ"ל</UnitOfMeasure><QtyInPackage>לא ידוע</QtyInPackage><UnitOfMeasurePrice>0.0367</UnitOfMeasurePrice><AllowDiscount>1</AllowDiscount><ItemStatus>1</ItemStatus><ItemPrice>5.50</ItemPrice></item><item><PriceUpdateDate>2015-10-13 11:27:32</PriceUpdateDate><ItemCode>7290000465975</ItemCode><ItemType>1</ItemType><ItemName>יוגורט פרופלימון מול</ItemName><ManufacturerName>מולר</ManufacturerName><ManufactureCountry>ישראל</ManufactureCountry><ManufacturerItemDescription>פרופ לימון מולר 150 מל</ManufacturerItemDescription><SoldByWeight/><Quantity>150.00</Quantity><UnitOfMeasure>מ"ל</UnitOfMeasure><QtyInPackage>לא ידוע</QtyInPackage><UnitOfMeasurePrice>0.0367</UnitOfMeasurePrice><AllowDiscount>1</AllowDiscount><ItemStatus>1</ItemStatus><ItemPrice>5.50</ItemPrice></item><item><PriceUpdateDate>2016-04-26 14:35:47</PriceUpdateDate><ItemCode>7290000466163</ItemCode><ItemType>1</ItemType><ItemName>מלפפון 7-9 במלח 560</ItemName><ManufacturerName>בית השיטה</ManufacturerName><ManufactureCountry>ישראל</ManufactureCountry><ManufacturerItemDescription>מלפפון 7-9 במלח 560</ManufacturerItemDescription><SoldByWeight/><Quantity>560.00</Quantity><UnitOfMeasure>גרם     </UnitOfMeasure><QtyInPackage>לא ידוע</QtyInPackage><UnitOfMeasurePrice>0.0123</UnitOfMeasurePrice><AllowDiscount>1</AllowDiscount><ItemStatus>1</ItemStatus><ItemPrice>6.90</ItemPrice></item><item><PriceUpdateDate>2016-05-01 12:02:13</PriceUpdateDate><ItemCode>7290000466408</ItemCode><ItemType>1</ItemType><ItemName>חלב עיזים צוריאל 1 ל</ItemName><ManufacturerName>משק צוריאל</ManufacturerName><ManufactureCountry>ישראל</ManufactureCountry><ManufacturerItemDescription>חלב עיזים 1 ליטר קרטון</ManufacturerItemDescription><SoldByWeight/><Quantity>1000.00</Quantity><UnitOfMeasure>מ"ל</UnitOfMeasure><QtyInPackage>לא ידוע</QtyInPackage><UnitOfMeasurePrice>0.0175</UnitOfMeasurePrice><AllowDiscount>0</AllowDiscount><ItemStatus>1</ItemStatus><ItemPrice>17.50</ItemPrice></item><item><PriceUpdateDate>2015-11-13 10:56:45</PriceUpdateDate><ItemCode>7290000466668</ItemCode><ItemType>1</ItemType><ItemName>יוגורט בדלי צוריאל 8</ItemName><ManufacturerName>משק צוריאל</ManufacturerName><ManufactureCountry>ישראל</ManufactureCountry><ManufacturerItemDescription>יוגורט בדלי צוריאל 8</ManufacturerItemDescription><SoldByWeight/><Quantity>850.00</Quantity><UnitOfMeasure>גרם     </UnitOfMeasure><QtyInPackage>לא ידוע</QtyInPackage><UnitOfMeasurePrice>0.0291</UnitOfMeasurePrice><AllowDiscount>1</AllowDiscount><ItemStatus>1</ItemStatus><ItemPrice>24.70</ItemPrice></item><item><PriceUpdateDate>2016-02-11 11:10:54</PriceUpdateDate><ItemCode>7290000466675</ItemCode><ItemType>1</ItemType><ItemName>שמנת מתוקה לקצפת 38%</ItemName><ManufacturerName>טרה</ManufacturerName><ManufactureCountry>ישראל</ManufactureCountry><ManufacturerItemDescription>שמנת מתוקה עמידה 250 38%</ManufacturerItemDescription><SoldByWeight/><Quantity>250.00</Quantity><UnitOfMeasure>מ"ל</UnitOfMeasure><QtyInPackage>לא ידוע</QtyInPackage><UnitOfMeasurePrice>0.0238</UnitOfMeasurePrice><AllowDiscount>1</AllowDiscount><ItemStatus>1</ItemStatus><ItemPrice>5.95</ItemPrice></item><item><PriceUpdateDate>2015-10-13 11:27:32</PriceUpdateDate><ItemCode>7290000466743</ItemCode><ItemType>1</ItemType><ItemName>יוגורט מולר ביאנקו ל</ItemName><ManufacturerName>מולר</ManufacturerName><ManufactureCountry>ישראל</ManufactureCountry><ManufacturerItemDescription>מולר ביאנקו 200 1.7%  גרם</ManufacturerItemDescription><SoldByWeight/><Quantity>200.00</Quantity><UnitOfMeasure>גרם     </UnitOfMeasure><QtyInPackage>לא ידוע</QtyInPackage><UnitOfMeasurePrice>0.0205</UnitOfMeasurePrice><AllowDiscount>0</AllowDiscount><ItemStatus>1</ItemStatus><ItemPrice>4.10</ItemPrice></item><item><PriceUpdateDate>2015-10-13 11:27:32</PriceUpdateDate><ItemCode>7290000466750</ItemCode><ItemType>1</ItemType><ItemName>יוגורט מולר ביאנקו ל</ItemName><ManufacturerName>מולר</ManufacturerName><ManufactureCountry>ישראל</ManufactureCountry><ManufacturerItemDescription>מולר ביאנקו 200 2.8%  גרם</ManufacturerItemDescription><SoldByWeight/><Quantity>200.00</Quantity><UnitOfMeasure>גרם     </UnitOfMeasure><QtyInPackage>לא ידוע</QtyInPackage><UnitOfMeasurePrice>0.0205</UnitOfMeasurePrice><AllowDiscount>0</AllowDiscount><ItemStatus>1</ItemStatus><ItemPrice>4.10</ItemPrice></item><item><PriceUpdateDate>2015-10-13 11:27:32</PriceUpdateDate><ItemCode>7290000466927</ItemCode><ItemType>1</ItemType><ItemName>מולר מיקס גליליות קר</ItemName><ManufacturerName>מולר</ManufacturerName><ManufactureCountry>ישראל</ManufactureCountry><ManufacturerItemDescription>יוגורט קרם אגוזים מולר מי</ManufacturerItemDescription><SoldByWeight/><Quantity>150.00</Quantity><UnitOfMeasure>גרם     </UnitOfMeasure><QtyInPackage>לא ידוע</QtyInPackage><UnitOfMeasurePrice>0.0420</UnitOfMeasurePrice><AllowDiscount>0</AllowDiscount><ItemStatus>1</ItemStatus><ItemPrice>6.30</ItemPrice></item><item><PriceUpdateDate>2016-03-29 07:28:09</PriceUpdateDate><ItemCode>7290000467016</ItemCode><ItemType>1</ItemType><ItemName>מב גבינה לבנה 5% 750</ItemName><ManufacturerName>טרה</ManufacturerName><ManufactureCountry>ישראל</ManufactureCountry><ManufacturerItemDescription>מב גבינה לבנה 5% 750</ManufacturerItemDescription><SoldByWeight/><Quantity>750.00</Quantity><UnitOfMeasure>גרם     </UnitOfMeasure><QtyInPackage>לא ידוע</QtyInPackage><UnitOfMeasurePrice>0.0169</UnitOfMeasurePrice><AllowDiscount>1</AllowDiscount><ItemStatus>1</ItemStatus><ItemPrice>12.70</ItemPrice></item><item><PriceUpdateDate>2016-03-29 07:10:30</PriceUpdateDate><ItemCode>7290000467023</ItemCode><ItemType>1</ItemType><ItemName>יוגורט עיזים לשתיה 5</ItemName><ManufacturerName>משק צוריאל</ManufacturerName><ManufactureCountry>ישראל</ManufactureCountry><ManufacturerItemDescription>יוגורט עיזים לשתיה 500 מל</ManufacturerItemDescription><SoldByWeight/><Quantity>500.00</Quantity><UnitOfMeasure>גרם     </UnitOfMeasure><QtyInPackage>לא ידוע</QtyInPackage><UnitOfMeasurePrice>0.0278</UnitOfMeasurePrice><AllowDiscount>1</AllowDiscount><ItemStatus>1</ItemStatus><ItemPrice>13.90</ItemPrice></item><item><PriceUpdateDate>2016-03-29 07:10:49</PriceUpdateDate><ItemCode>7290000467153</ItemCode><ItemType>1</ItemType><ItemName>סלט צבר חומוס סמיר ה</ItemName><ManufacturerName>צבר</ManufacturerName><ManufactureCountry>ישראל</ManufactureCountry><ManufacturerItemDescription>חומוס סמיר הגדול 400 גר</ManufacturerItemDescription><SoldByWeight/><Quantity>400.00</Quantity><UnitOfMeasure>גרם     </UnitOfMeasure><QtyInPackage>לא ידוע</QtyInPackage><UnitOfMeasurePrice>0.0380</UnitOfMeasurePrice><AllowDiscount>1</AllowDiscount><ItemStatus>1</ItemStatus><ItemPrice>15.20</ItemPrice></item><item><PriceUpdateDate>2016-04-26 14:35:47</PriceUpdateDate><ItemCode>7290000467160</ItemCode><ItemType>1</ItemType><ItemName>מלפפון 7-9 בחומץ 560</ItemName><ManufacturerName>בית השיטה</ManufacturerName><ManufactureCountry>ישראל</ManufactureCountry><ManufacturerItemDescription>מלפפון 7-9 בחומץ 560</ManufacturerItemDescription><SoldByWeight/><Quantity>560.00</Quantity><UnitOfMeasure>גרם     </UnitOfMeasure><QtyInPackage>לא ידוע</QtyInPackage><UnitOfMeasurePrice>0.0123</UnitOfMeasurePrice><AllowDiscount>1</AllowDiscount><ItemStatus>1</ItemStatus><ItemPrice>6.90</ItemPrice></item><item><PriceUpdateDate>2016-04-26 14:35:47</PriceUpdateDate><ItemCode>7290000467177</ItemCode><ItemType>1</ItemType><ItemName>מלפפון 12 10חומץ גלע</ItemName><ManufacturerName>אסם</ManufacturerName><ManufactureCountry>ישראל</ManufactureCountry><ManufacturerItemDescription>מלפפון 12 10חומץ גלע</ManufacturerItemDescription><SoldByWeight/><Quantity>290.00</Quantity><UnitOfMeasure>גרם     </UnitOfMeasure><QtyInPackage>לא ידוע</QtyInPackage><UnitOfMeasurePrice>0.0259</UnitOfMeasurePrice><AllowDiscount>1</AllowDiscount><ItemStatus>1</ItemStatus><ItemPrice>7.50</ItemPrice></item><item><PriceUpdateDate>2016-03-29 07:10:49</PriceUpdateDate><ItemCode>7290000467320</ItemCode><ItemType>1</ItemType><ItemName>סלט צבר חומוס אבו מר</ItemName><ManufacturerName>צבר</ManufacturerName><ManufactureCountry>ישראל</ManufactureCountry><ManufacturerItemDescription>חומוס אבו מרוואן 400 גר</ManufacturerItemDescription><SoldByWeight/><Quantity>400.00</Quantity><UnitOfMeasure>גרם     </UnitOfMeasure><QtyInPackage>לא ידוע</QtyInPackage><UnitOfMeasurePrice>0.0380</UnitOfMeasurePrice><AllowDiscount>1</AllowDiscount><ItemStatus>1</ItemStatus><ItemPrice>15.20</ItemPrice></item><item><PriceUpdateDate>2015-11-02 17:19:16</PriceUpdateDate><ItemCode>7290000468112</ItemCode><ItemType>1</ItemType><ItemName>סלט כרוב אדום יום יו</ItemName><ManufacturerName>אחלה</ManufacturerName><ManufactureCountry>ישראל</ManufactureCountry><ManufacturerItemDescription>סלט כרוב 120 גרם</ManufacturerItemDescription><SoldByWeight/><Quantity>120.00</Quantity><UnitOfMeasure>גרם     </UnitOfMeasure><QtyInPackage>לא ידוע</QtyInPackage><UnitOfMeasurePrice>0.0508</UnitOfMeasurePrice><AllowDiscount>1</AllowDiscount><ItemStatus>1</ItemStatus><ItemPrice>6.10</ItemPrice></item><item><PriceUpdateDate>2016-04-26 14:35:47</PriceUpdateDate><ItemCode>7290000468167</ItemCode><ItemType>1</ItemType><ItemName>פלפל חריף 600 גרם</ItemName><ManufacturerName>לא ממותג</ManufacturerName><ManufactureCountry>ישראל</ManufactureCountry><ManufacturerItemDescription>פלפל חריף 600 גרם</ManufacturerItemDescription><SoldByWeight/><Quantity>425.00</Quantity><UnitOfMeasure>גרם     </UnitOfMeasure><QtyInPackage>לא ידוע</QtyInPackage><UnitOfMeasurePrice>0.0191</UnitOfMeasurePrice><AllowDiscount>1</AllowDiscount><ItemStatus>1</ItemStatus><ItemPrice>8.10</ItemPrice></item><item><PriceUpdateDate>2016-03-29 07:10:30</PriceUpdateDate><ItemCode>7290000468549</ItemCode><ItemType>1</ItemType><ItemName>מארז חטיף תפוצ'יפס ק</ItemName><ManufacturerName>תפוציפס</ManufacturerName><ManufactureCountry>ישראל</ManufactureCountry><ManufacturerItemDescription>מארז חטיף תפוצ'יפס ק</ManufacturerItemDescription><SoldByWeight/><Quantity>180.00</Quantity><UnitOfMeasure>גרם     </UnitOfMeasure><QtyInPackage>לא ידוע</QtyInPackage><UnitOfMeasurePrice>0.0728</UnitOfMeasurePrice><AllowDiscount>1</AllowDiscount><ItemStatus>1</ItemStatus><ItemPrice>13.10</ItemPrice></item><item><PriceUpdateDate>2015-12-09 06:51:19</PriceUpdateDate><ItemCode>7290000469263</ItemCode><ItemType>1</ItemType><ItemName>סלט חומוס אחלה עם טח</ItemName><ManufacturerName>אחלה</ManufacturerName><ManufactureCountry>ישראל</ManufactureCountry><ManufacturerItemDescription>סלט חומוס וטחינה 400 גרם</ManufacturerItemDescription><SoldByWeight/><Quantity>400.00</Quantity><UnitOfMeasure>גרם     </UnitOfMeasure><QtyInPackage>לא ידוע</QtyInPackage><UnitOfMeasurePrice>0.0298</UnitOfMeasurePrice><AllowDiscount>0</AllowDiscount><ItemStatus>1</ItemStatus><ItemPrice>11.90</ItemPrice></item><item><PriceUpdateDate>2015-12-09 06:51:19</PriceUpdateDate><ItemCode>7290000469287</ItemCode><ItemType>1</ItemType><ItemName>סלט חומוס אחלה עם צנ</ItemName><ManufacturerName>אחלה</ManufacturerName><ManufactureCountry>ישראל</ManufactureCountry><ManufacturerItemDescription>סלט חומוס וצנובר 400 גרם</ManufacturerItemDescription><SoldByWeight/><Quantity>400.00</Quantity><UnitOfMeasure>גרם     </UnitOfMeasure><QtyInPackage>לא ידוע</QtyInPackage><UnitOfMeasurePrice>0.0298</UnitOfMeasurePrice><AllowDiscount>0</AllowDiscount><ItemStatus>1</ItemStatus><ItemPrice>11.90</ItemPrice></item><item><PriceUpdateDate>2015-10-22 08:37:08</PriceUpdateDate><ItemCode>7290000469379</ItemCode><ItemType>1</ItemType><ItemName>מארז חיסכון שמנייה ג</ItemName><ManufacturerName>גמדים</ManufacturerName><ManufactureCountry>ישראל</ManufactureCountry><ManufacturerItemDescription>מארז חיסכון שמנייה ג</ManufacturerItemDescription><SoldByWeight/><Quantity>800.00</Quantity><UnitOfMeasure>גרם     </UnitOfMeasure><QtyInPackage>לא ידוע</QtyInPackage><UnitOfMeasurePrice>0.0241</UnitOfMeasurePrice><AllowDiscount>1</AllowDiscount><ItemStatus>1</ItemStatus><ItemPrice>19.30</ItemPrice></item><item><PriceUpdateDate>2015-10-14 10:33:33</PriceUpdateDate><ItemCode>7290000469553</ItemCode><ItemType>1</ItemType><ItemName>מאגדת אנרג'י מריר וא</ItemName><ManufacturerName>אנרג'י</ManufacturerName><ManufactureCountry>ישראל</ManufactureCountry><ManufacturerItemDescription>חטיף דגנים שוקולד מריר</ManufacturerItemDescription><SoldByWeight/><Quantity>156.00</Quantity><UnitOfMeasure>גרם     </UnitOfMeasure><QtyInPackage>לא ידוע</QtyInPackage><UnitOfMeasurePrice>0.1186</UnitOfMeasurePrice><AllowDiscount>1</AllowDiscount><ItemStatus>1</ItemStatus><ItemPrice>18.50</ItemPrice></item><item><PriceUpdateDate>2015-10-13 11:27:32</PriceUpdateDate><ItemCode>7290000469744</ItemCode><ItemType>1</ItemType><ItemName>מילקי טופ עדשים 134</ItemName><ManufacturerName>מילקי</ManufacturerName><ManufactureCountry>ישראל</ManufactureCountry><ManufacturerItemDescription>מילקי טופ עדשים 170 מל</ManufacturerItemDescription><SoldByWeight/><Quantity>134.00</Quantity><UnitOfMeasure>גרם     </UnitOfMeasure><QtyInPackage>לא ידוע</QtyInPackage><UnitOfMeasurePrice>0.0351</UnitOfMeasurePrice><AllowDiscount>1</AllowDiscount><ItemStatus>1</ItemStatus><ItemPrice>4.70</ItemPrice></item><item><PriceUpdateDate>2015-11-15 20:34:42</PriceUpdateDate><ItemCode>7290000469867</ItemCode><ItemType>1</ItemType><ItemName>טחינה אחלה 500 גרם</ItemName><ManufacturerName>אחלה</ManufacturerName><ManufactureCountry>ישראל</ManufactureCountry><ManufacturerItemDescription>טחינה משומשום מלא 500 גרם</ManufacturerItemDescription><SoldByWeight/><Quantity>500.00</Quantity><UnitOfMeasure>גרם     </UnitOfMeasure><QtyInPackage>לא ידוע</QtyInPackage><UnitOfMeasurePrice>0.0344</UnitOfMeasurePrice><AllowDiscount>1</AllowDiscount><ItemStatus>1</ItemStatus><ItemPrice>17.20</ItemPrice></item><item><PriceUpdateDate>2016-01-14 06:59:40</PriceUpdateDate><ItemCode>7290000470085</ItemCode><ItemType>1</ItemType><ItemName>מסטיק מאסט מלון ואבט</ItemName><ManufacturerName>מאסט</ManufacturerName><ManufactureCountry>ישראל</ManufactureCountry><ManufacturerItemDescription>מסטיק מאסט מלון ואבטיח</ManufacturerItemDescription><SoldByWeight/><Quantity>28.00</Quantity><UnitOfMeasure>גרם     </UnitOfMeasure><QtyInPackage>לא ידוע</QtyInPackage><UnitOfMeasurePrice>0.1607</UnitOfMeasurePrice><AllowDiscount>1</AllowDiscount><ItemStatus>1</ItemStatus><ItemPrice>4.50</ItemPrice></item><item><PriceUpdateDate>2016-01-14 06:59:40</PriceUpdateDate><ItemCode>7290000470092</ItemCode><ItemType>1</ItemType><ItemName>מסטיק מאסט קולה 28 ג</ItemName><ManufacturerName>מאסט</ManufacturerName><ManufactureCountry>ישראל</ManufactureCountry><ManufacturerItemDescription>מסטיק מאסט בטעם קולה קרח</ManufacturerItemDescription><SoldByWeight/><Quantity>28.00</Quantity><UnitOfMeasure>גרם     </UnitOfMeasure><QtyInPackage>לא ידוע</QtyInPackage><UnitOfMeasurePrice>0.1607</UnitOfMeasurePrice><AllowDiscount>1</AllowDiscount><ItemStatus>1</ItemStatus><ItemPrice>4.50</ItemPrice></item><item><PriceUpdateDate>2015-11-02 17:19:16</PriceUpdateDate><ItemCode>7290000470115</ItemCode><ItemType>1</ItemType><ItemName>חטיף תפוציפס קידס 45</ItemName><ManufacturerName>תפוציפס</ManufacturerName><ManufactureCountry>ישראל</ManufactureCountry><ManufacturerItemDescription>חטיף תפוציפס קידס 45</ManufacturerItemDescription><SoldByWeight/><Quantity>45.00</Quantity><UnitOfMeasure>גרם     </UnitOfMeasure><QtyInPackage>לא ידוע</QtyInPackage><UnitOfMeasurePrice>0.0733</UnitOfMeasurePrice><AllowDiscount>1</AllowDiscount><ItemStatus>1</ItemStatus><ItemPrice>3.30</ItemPrice></item><item><PriceUpdateDate>2016-02-21 07:01:42</PriceUpdateDate><ItemCode>7290000470283</ItemCode><ItemType>1</ItemType><ItemName>מארז שמינייה דני וני</ItemName><ManufacturerName>דני</ManufacturerName><ManufactureCountry>ישראל</ManufactureCountry><ManufacturerItemDescription>מארז שמינייה דני וני</ManufacturerItemDescription><SoldByWeight/><Quantity>1000.00</Quantity><UnitOfMeasure>גרם     </UnitOfMeasure><QtyInPackage>לא ידוע</QtyInPackage><UnitOfMeasurePrice>0.0169</UnitOfMeasurePrice><AllowDiscount>1</AllowDiscount><ItemStatus>1</ItemStatus><ItemPrice>16.90</ItemPrice></item><item><PriceUpdateDate>2016-03-01 06:43:36</PriceUpdateDate><ItemCode>7290000470511</ItemCode><ItemType>1</ItemType><ItemName>תפוצ'יפס שמנת בצל 20</ItemName><ManufacturerName>תפוציפס</ManufacturerName><ManufactureCountry>ישראל</ManufactureCountry><ManufacturerItemDescription>תפוציפס שמנת בצל 200 גרם</ManufacturerItemDescription><SoldByWeight/><Quantity>200.00</Quantity><UnitOfMeasure>גרם     </UnitOfMeasure><QtyInPackage>לא ידוע</QtyInPackage><UnitOfMeasurePrice>0.0610</UnitOfMeasurePrice><AllowDiscount>1</AllowDiscount><ItemStatus>1</ItemStatus><ItemPrice>12.20</ItemPrice></item><item><PriceUpdateDate>2015-10-14 11:43:52</PriceUpdateDate><ItemCode>7290000471945</ItemCode><ItemType>1</ItemType><ItemName>ביצה פלוס אריזת שש ב</ItemName><ManufacturerName>רמות השבים</ManufacturerName><ManufactureCountry>ישראל</ManufactureCountry><ManufacturerItemDescription>ביצה פלוס אריזת שש ב</ManufacturerItemDescription><SoldByWeight/><Quantity>0.00</Quantity><UnitOfMeasure>בודד</UnitOfMeasure><QtyInPackage>לא ידוע</QtyInPackage><UnitOfMeasurePrice>0.0000</UnitOfMeasurePrice><AllowDiscount>1</AllowDiscount><ItemStatus>1</ItemStatus><ItemPrice>14.90</ItemPrice></item><item><PriceUpdateDate>2015-10-14 11:43:52</PriceUpdateDate><ItemCode>7290000471976</ItemCode><ItemType>1</ItemType><ItemName>ביצים 12 יחידות ביצי</ItemName><ManufacturerName>רמות השבים</ManufacturerName><ManufactureCountry>ישראל</ManufactureCountry><ManufacturerItemDescription>ביצים 12 יחידות ביצי</ManufacturerItemDescription><SoldByWeight/><Quantity>12.00</Quantity><UnitOfMeasure>בודד</UnitOfMeasure><QtyInPackage>לא ידוע</QtyInPackage><UnitOfMeasurePrice>2.3333</UnitOfMeasurePrice><AllowDiscount>1</AllowDiscount><ItemStatus>1</ItemStatus><ItemPrice>28.00</ItemPrice></item><item><PriceUpdateDate>2016-02-11 11:03:29</PriceUpdateDate><ItemCode>7290000472010</ItemCode><ItemType>1</ItemType><ItemName>ביצים 12 יחידות גודל</ItemName><ManufacturerName>רמות השבים</ManufacturerName><ManufactureCountry>ישראל</ManufactureCountry><ManufacturerItemDescription>ביצים 12 יחידות גודל</ManufacturerItemDescription><SoldByWeight/><Quantity>14.00</Quantity><UnitOfMeasure>בודד</UnitOfMeasure><QtyInPackage>לא ידוע</QtyInPackage><UnitOfMeasurePrice>0.8179</UnitOfMeasurePrice><AllowDiscount>1</AllowDiscount><ItemStatus>1</ItemStatus><ItemPrice>11.45</ItemPrice></item><item><PriceUpdateDate>2016-02-11 11:03:29</PriceUpdateDate><ItemCode>7290000472027</ItemCode><ItemType>1</ItemType><ItemName>ביצים 12 יחידות גודל</ItemName><ManufacturerName>רמות השבים</ManufacturerName><ManufactureCountry>ישראל</ManufactureCountry><ManufacturerItemDescription>ביצים 12 יחידות גודל</ManufacturerItemDescription><SoldByWeight/><Quantity>12.00</Quantity><UnitOfMeasure>בודד</UnitOfMeasure><QtyInPackage>לא ידוע</QtyInPackage><UnitOfMeasurePrice>0.8792</UnitOfMeasurePrice><AllowDiscount>1</AllowDiscount><ItemStatus>1</ItemStatus><ItemPrice>10.55</ItemPrice></item><item><PriceUpdateDate>2016-02-17 06:20:58</PriceUpdateDate><ItemCode>7290000472898</ItemCode><ItemType>1</ItemType><ItemName>בונבונירה רפאלו 150</ItemName><ManufacturerName>רפאלו</ManufacturerName><ManufactureCountry>איטליה</ManufactureCountry><ManufacturerItemDescription>בונב.רפאלו 150 גר</ManufacturerItemDescription><SoldByWeight/><Quantity>150.00</Quantity><UnitOfMeasure>גרם     </UnitOfMeasure><QtyInPackage>לא ידוע</QtyInPackage><UnitOfMeasurePrice>0.1327</UnitOfMeasurePrice><AllowDiscount>1</AllowDiscount><ItemStatus>1</ItemStatus><ItemPrice>19.90</ItemPrice></item><item><PriceUpdateDate>2016-05-01 12:02:17</PriceUpdateDate><ItemCode>7290000472973</ItemCode><ItemType>1</ItemType><ItemName>אצבעות שוקולד קינדר</ItemName><ManufacturerName>קינדר</ManufacturerName><ManufactureCountry>איטליה</ManufactureCountry><ManufacturerItemDescription>דגנים גו פיט    וקוס340ג</ManufacturerItemDescription><SoldByWeight/><Quantity>200.00</Quantity><UnitOfMeasure>גרם     </UnitOfMeasure><QtyInPackage>לא ידוע</QtyInPackage><UnitOfMeasurePrice>0.0810</UnitOfMeasurePrice><AllowDiscount>1</AllowDiscount><ItemStatus>1</ItemStatus><ItemPrice>16.20</ItemPrice></item><item><PriceUpdateDate>2016-03-16 14:00:26</PriceUpdateDate><ItemCode>7290000473000</ItemCode><ItemType>1</ItemType><ItemName>סבון מוצק דאב רביעיי</ItemName><ManufacturerName>דאב</ManufacturerName><ManufactureCountry>ישראל</ManufactureCountry><ManufacturerItemDescription>סבון מוצק דאב רביעיי</ManufacturerItemDescription><SoldByWeight/><Quantity>400.00</Quantity><UnitOfMeasure>גרם     </UnitOfMeasure><QtyInPackage>לא ידוע</QtyInPackage><UnitOfMeasurePrice>0.0472</UnitOfMeasurePrice><AllowDiscount>1</AllowDiscount><ItemStatus>1</ItemStatus><ItemPrice>18.90</ItemPrice></item><item><PriceUpdateDate>2015-11-15 20:34:42</PriceUpdateDate><ItemCode>7290000473314</ItemCode><ItemType>1</ItemType><ItemName>פיניש ג'ל פעולה כפול</ItemName><ManufacturerName>פיניש</ManufacturerName><ManufactureCountry>פולין</ManufactureCountry><ManufacturerItemDescription>2 מברשות שיניים  סנסטיב</ManufacturerItemDescription><SoldByWeight/><Quantity>625.00</Quantity><UnitOfMeasure>מ"ל</UnitOfMeasure><QtyInPackage>לא ידוע</QtyInPackage><UnitOfMeasurePrice>0.0736</UnitOfMeasurePrice><AllowDiscount>1</AllowDiscount><ItemStatus>1</ItemStatus><ItemPrice>46.00</ItemPrice></item><item><PriceUpdateDate>2016-02-11 11:10:55</PriceUpdateDate><ItemCode>7290000474021</ItemCode><ItemType>1</ItemType><ItemName>חלב טרה 3% בשקית 1 ל</ItemName><ManufacturerName>טרה</ManufacturerName><ManufactureCountry>ישראל</ManufactureCountry><ManufacturerItemDescription>חלב1 3% ל.שקית מהדרין פיק</ManufacturerItemDescription><SoldByWeight/><Quantity>1000.00</Quantity><UnitOfMeasure>מ"ל</UnitOfMeasure><QtyInPackage>לא ידוע</QtyInPackage><UnitOfMeasurePrice>0.0050</UnitOfMeasurePrice><AllowDiscount>1</AllowDiscount><ItemStatus>1</ItemStatus><ItemPrice>5.00</ItemPrice></item><item><PriceUpdateDate>2016-02-11 11:10:55</PriceUpdateDate><ItemCode>7290000474373</ItemCode><ItemType>1</ItemType><ItemName>שמנת חמוצה 15% 200 מ</ItemName><ManufacturerName>טרה</ManufacturerName><ManufactureCountry>ישראל</ManufactureCountry><ManufacturerItemDescription>שמנת חמוצה 15% 200 מ</ManufacturerItemDescription><SoldByWeight/><Quantity>200.00</Quantity><UnitOfMeasure>מ"ל</UnitOfMeasure><QtyInPackage>לא ידוע</QtyInPackage><UnitOfMeasurePrice>0.0110</UnitOfMeasurePrice><AllowDiscount>1</AllowDiscount><ItemStatus>1</ItemStatus><ItemPrice>2.20</ItemPrice></item><item><PriceUpdateDate>2016-02-11 11:10:55</PriceUpdateDate><ItemCode>7290000474410</ItemCode><ItemType>1</ItemType><ItemName>חמאה 100 גרם טרה</ItemName><ManufacturerName>טרה</ManufacturerName><ManufactureCountry>ישראל</ManufactureCountry><ManufacturerItemDescription>חמאה 100 גרם טרה</ManufacturerItemDescription><SoldByWeight/><Quantity>100.00</Quantity><UnitOfMeasure>גרם     </UnitOfMeasure><QtyInPackage>לא ידוע</QtyInPackage><UnitOfMeasurePrice>0.0380</UnitOfMeasurePrice><AllowDiscount>1</AllowDiscount><ItemStatus>1</ItemStatus><ItemPrice>3.80</ItemPrice></item><item><PriceUpdateDate>2016-02-11 11:10:55</PriceUpdateDate><ItemCode>7290000474502</ItemCode><ItemType>1</ItemType><ItemName>גבינה לבנה 5% טרה מה</ItemName><ManufacturerName>טרה</ManufacturerName><ManufactureCountry>ישראל</ManufactureCountry><ManufacturerItemDescription>גבינה לבנה250 5% גר  פיקו</ManufacturerItemDescription><SoldByWeight/><Quantity>250.00</Quantity><UnitOfMeasure>גרם     </UnitOfMeasure><QtyInPackage>לא ידוע</QtyInPackage><UnitOfMeasurePrice>0.0184</UnitOfMeasurePrice><AllowDiscount>1</AllowDiscount><ItemStatus>1</ItemStatus><ItemPrice>4.60</ItemPrice></item><item><PriceUpdateDate>2015-10-13 11:27:34</PriceUpdateDate><ItemCode>7290000474540</ItemCode><ItemType>1</ItemType><ItemName>גבינה טוב טעם 3% 250</ItemName><ManufacturerName>טוב טעם -גבינה</ManufacturerName><ManufactureCountry>ישראל</ManufactureCountry><ManufacturerItemDescription>גבינה טוב טעם250 3% גר</ManufacturerItemDescription><SoldByWeight/><Quantity>250.00</Quantity><UnitOfMeasure>גרם     </UnitOfMeasure><QtyInPackage>לא ידוע</QtyInPackage><UnitOfMeasurePrice>0.0468</UnitOfMeasurePrice><AllowDiscount>1</AllowDiscount><ItemStatus>1</ItemStatus><ItemPrice>11.70</ItemPrice></item><item><PriceUpdateDate>2015-11-02 17:19:16</PriceUpdateDate><ItemCode>7290000474731</ItemCode><ItemType>1</ItemType><ItemName>יין קלאסיק מרלו 750</ItemName><ManufacturerName>ברקן קלאסיק</ManufacturerName><ManufactureCountry>ישראל</ManufactureCountry><ManufacturerItemDescription>יין קלאסיק מרלו 750 מל</ManufacturerItemDescription><SoldByWeight/><Quantity>750.00</Quantity><UnitOfMeasure>מ"ל</UnitOfMeasure><QtyInPackage>לא ידוע</QtyInPackage><UnitOfMeasurePrice>0.0492</UnitOfMeasurePrice><AllowDiscount>1</AllowDiscount><ItemStatus>1</ItemStatus><ItemPrice>36.90</ItemPrice></item><item><PriceUpdateDate>2016-03-01 06:43:37</PriceUpdateDate><ItemCode>7290000475134</ItemCode><ItemType>1</ItemType><ItemName>גבינת טעם טוב 100 גר</ItemName><ManufacturerName>מון בלאן</ManufacturerName><ManufactureCountry>ישראל</ManufactureCountry><ManufacturerItemDescription>גבינה טעם טוב 100 גר</ManufacturerItemDescription><SoldByWeight/><Quantity>100.00</Quantity><UnitOfMeasure>גרם     </UnitOfMeasure><QtyInPackage>לא ידוע</QtyInPackage><UnitOfMeasurePrice>0.1010</UnitOfMeasurePrice><AllowDiscount>1</AllowDiscount><ItemStatus>1</ItemStatus><ItemPrice>10.10</ItemPrice></item><item><PriceUpdateDate>2016-03-01 06:43:37</PriceUpdateDate><ItemCode>7290000475141</ItemCode><ItemType>1</ItemType><ItemName>גבינה מון בלאן טעם ש</ItemName><ManufacturerName>מון בלאן</ManufacturerName><ManufactureCountry>ישראל</ManufactureCountry><ManufacturerItemDescription>גבינה מותכת7%שומן-שוויצרי</ManufacturerItemDescription><SoldByWeight/><Quantity>120.00</Quantity><UnitOfMeasure>גרם     </UnitOfMeasure><QtyInPackage>לא ידוע</QtyInPackage><UnitOfMeasurePrice>0.1033</UnitOfMeasurePrice><AllowDiscount>1</AllowDiscount><ItemStatus>1</ItemStatus><ItemPrice>12.40</ItemPrice></item><item><PriceUpdateDate>2016-03-01 06:43:37</PriceUpdateDate><ItemCode>7290000475158</ItemCode><ItemType>1</ItemType><ItemName>גבינה מון בלאן עם זי</ItemName><ManufacturerName>מון בלאן</ManufacturerName><ManufactureCountry>ישראל</ManufactureCountry><ManufacturerItemDescription>גבינה מותכת7%שומן עם זית</ManufacturerItemDescription><SoldByWeight/><Quantity>120.00</Quantity><UnitOfMeasure>גרם     </UnitOfMeasure><QtyInPackage>לא ידוע</QtyInPackage><UnitOfMeasurePrice>0.1075</UnitOfMeasurePrice><AllowDiscount>1</AllowDiscount><ItemStatus>1</ItemStatus><ItemPrice>12.90</ItemPrice></item><item><PriceUpdateDate>2015-11-15 20:34:42</PriceUpdateDate><ItemCode>7290000475189</ItemCode><ItemType>1</ItemType><ItemName>מיוקל 5% שומן 500 גר</ItemName><ManufacturerName>מיוקל</ManufacturerName><ManufactureCountry>ישראל</ManufactureCountry><ManufacturerItemDescription>מיוקל 5% שומן 500 גר</ManufacturerItemDescription><SoldByWeight/><Quantity>500.00</Quantity><UnitOfMeasure>גרם     </UnitOfMeasure><QtyInPackage>לא ידוע</QtyInPackage><UnitOfMeasurePrice>0.0300</UnitOfMeasurePrice><AllowDiscount>1</AllowDiscount><ItemStatus>1</ItemStatus><ItemPrice>15.00</ItemPrice></item><item><PriceUpdateDate>2016-05-01 12:02:20</PriceUpdateDate><ItemCode>7290000475196</ItemCode><ItemType>1</ItemType><ItemName>קונפיטורה 778 תות שד</ItemName><ManufacturerName>778</ManufacturerName><ManufactureCountry>ישראל</ManufactureCountry><ManufacturerItemDescription>קונפיטורה 778 תות שד</ManufacturerItemDescription><SoldByWeight/><Quantity>285.00</Quantity><UnitOfMeasure>גרם     </UnitOfMeasure><QtyInPackage>לא ידוע</QtyInPackage><UnitOfMeasurePrice>0.0568</UnitOfMeasurePrice><AllowDiscount>1</AllowDiscount><ItemStatus>1</ItemStatus><ItemPrice>16.20</ItemPrice></item><item><PriceUpdateDate>2016-05-01 12:02:20</PriceUpdateDate><ItemCode>7290000475202</ItemCode><ItemType>1</ItemType><ItemName>קונפיטורה 778 אוכמני</ItemName><ManufacturerName>778</ManufacturerName><ManufactureCountry>ישראל</ManufactureCountry><ManufacturerItemDescription>קונפיטורה 778 אוכמני</ManufacturerItemDescription><SoldByWeight/><Quantity>285.00</Quantity><UnitOfMeasure>גרם     </UnitOfMeasure><QtyInPackage>לא ידוע</QtyInPackage><UnitOfMeasurePrice>0.0568</UnitOfMeasurePrice><AllowDiscount>1</AllowDiscount><ItemStatus>1</ItemStatus><ItemPrice>16.20</ItemPrice></item><item><PriceUpdateDate>2015-11-02 17:19:17</PriceUpdateDate><ItemCode>7290000475240</ItemCode><ItemType>1</ItemType><ItemName>סירופ אפיכל מייפל 60</ItemName><ManufacturerName>אפיכל</ManufacturerName><ManufactureCountry>ישראל</ManufactureCountry><ManufacturerItemDescription>סירופ אפיכל מייפל 60</ManufacturerItemDescription><SoldByWeight/><Quantity>600.00</Quantity><UnitOfMeasure>מ"ל</UnitOfMeasure><QtyInPackage>לא ידוע</QtyInPackage><UnitOfMeasurePrice>0.0320</UnitOfMeasurePrice><AllowDiscount>1</AllowDiscount><ItemStatus>1</ItemStatus><ItemPrice>19.20</ItemPrice></item><item><PriceUpdateDate>2016-05-01 12:02:21</PriceUpdateDate><ItemCode>7290000475363</ItemCode><ItemType>1</ItemType><ItemName>קונפיטור 778 דובדבן</ItemName><ManufacturerName>778</ManufacturerName><ManufactureCountry>ישראל</ManufactureCountry><ManufacturerItemDescription>קונפיטור 778 דובדבן</ManufacturerItemDescription><SoldByWeight/><Quantity>330.00</Quantity><UnitOfMeasure>גרם     </UnitOfMeasure><QtyInPackage>לא ידוע</QtyInPackage><UnitOfMeasurePrice>0.0491</UnitOfMeasurePrice><AllowDiscount>1</AllowDiscount><ItemStatus>1</ItemStatus><ItemPrice>16.20</ItemPrice></item><item><PriceUpdateDate>2016-01-05 05:44:39</PriceUpdateDate><ItemCode>7290000475493</ItemCode><ItemType>1</ItemType><ItemName>מב מגבת נייר ניקול ש</ItemName><ManufacturerName>ניקול</ManufacturerName><ManufactureCountry>ישראל</ManufactureCountry><ManufacturerItemDescription>מגבת נייר ניקול</ManufacturerItemDescription><SoldByWeight/><Quantity>6.00</Quantity><UnitOfMeasure>מטר</UnitOfMeasure><QtyInPackage>לא ידוע</QtyInPackage><UnitOfMeasurePrice>1.6500</UnitOfMeasurePrice><AllowDiscount>1</AllowDiscount><ItemStatus>1</ItemStatus><ItemPrice>9.90</ItemPrice></item><item><PriceUpdateDate>2016-03-16 14:00:58</PriceUpdateDate><ItemCode>7290000475677</ItemCode><ItemType>1</ItemType><ItemName>סנדויצון ניקול זוגות</ItemName><ManufacturerName>ניקול</ManufacturerName><ManufactureCountry>ישראל</ManufactureCountry><ManufacturerItemDescription>שקיות סנדביצון 150 יח זוג</ManufacturerItemDescription><SoldByWeight/><Quantity>300.00</Quantity><UnitOfMeasure>בודד</UnitOfMeasure><QtyInPackage>לא ידוע</QtyInPackage><UnitOfMeasurePrice>0.0463</UnitOfMeasurePrice><AllowDiscount>1</AllowDiscount><ItemStatus>1</ItemStatus><ItemPrice>13.90</ItemPrice></item><item><PriceUpdateDate>2016-02-02 05:50:02</PriceUpdateDate><ItemCode>7290000475721</ItemCode><ItemType>1</ItemType><ItemName>מב כרית קירצוף ניקול</ItemName><ManufacturerName>ניקול</ManufacturerName><ManufactureCountry>ישראל</ManufactureCountry><ManufacturerItemDescription>כרית קירצוף ניקול</ManufacturerItemDescription><SoldByWeight/><Quantity>0.00</Quantity><UnitOfMeasure>יח'</UnitOfMeasure><QtyInPackage>לא ידוע</QtyInPackage><UnitOfMeasurePrice>0.0000</UnitOfMeasurePrice><AllowDiscount>1</AllowDiscount><ItemStatus>1</ItemStatus><ItemPrice>9.90</ItemPrice></item><item><PriceUpdateDate>2015-11-13 10:56:46</PriceUpdateDate><ItemCode>7290000476988</ItemCode><ItemType>1</ItemType><ItemName>מילקשייק שוקו בקרטון</ItemName><ManufacturerName>יטבתה</ManufacturerName><ManufactureCountry>ישראל</ManufactureCountry><ManufacturerItemDescription>מילקשייק שוקו יטבתה 400 מ</ManufacturerItemDescription><SoldByWeight/><Quantity>400.00</Quantity><UnitOfMeasure>מ"ל</UnitOfMeasure><QtyInPackage>לא ידוע</QtyInPackage><UnitOfMeasurePrice>0.0177</UnitOfMeasurePrice><AllowDiscount>1</AllowDiscount><ItemStatus>1</ItemStatus><ItemPrice>7.10</ItemPrice></item><item><PriceUpdateDate>2016-05-01 12:02:22</PriceUpdateDate><ItemCode>7290000477046</ItemCode><ItemType>1</ItemType><ItemName>תה ליפטון 1.5 גרם 10</ItemName><ManufacturerName>ליפטון</ManufacturerName><ManufactureCountry>הודו</ManufactureCountry><ManufacturerItemDescription>מוצץ בבליסטר     3 יח'</ManufacturerItemDescription><SoldByWeight/><Quantity>200.00</Quantity><UnitOfMeasure>גרם     </UnitOfMeasure><QtyInPackage>לא ידוע</QtyInPackage><UnitOfMeasurePrice>0.1170</UnitOfMeasurePrice><AllowDiscount>1</AllowDiscount><ItemStatus>1</ItemStatus><ItemPrice>23.40</ItemPrice></item><item><PriceUpdateDate>2016-03-29 07:28:10</PriceUpdateDate><ItemCode>7290000477145</ItemCode><ItemType>1</ItemType><ItemName>מב גבינה צפתית מעודנ</ItemName><ManufacturerName>פיראוס</ManufacturerName><ManufactureCountry>ישראל</ManufactureCountry><ManufacturerItemDescription>פיראוס צפתית מעודנת 200 5</ManufacturerItemDescription><SoldByWeight/><Quantity>200.00</Quantity><UnitOfMeasure>גרם     </UnitOfMeasure><QtyInPackage>לא ידוע</QtyInPackage><UnitOfMeasurePrice>0.0500</UnitOfMeasurePrice><AllowDiscount>1</AllowDiscount><ItemStatus>1</ItemStatus><ItemPrice>10.00</ItemPrice></item><item><PriceUpdateDate>2015-10-13 11:27:32</PriceUpdateDate><ItemCode>7290000477176</ItemCode><ItemType>1</ItemType><ItemName>יופלה עם דגנים מצופי</ItemName><ManufacturerName>יופלה</ManufacturerName><ManufactureCountry>ישראל</ManufactureCountry><ManufacturerItemDescription>יופלה דגנים מצופים מכסה מ</ManufacturerItemDescription><SoldByWeight/><Quantity>167.00</Quantity><UnitOfMeasure>גרם     </UnitOfMeasure><QtyInPackage>לא ידוע</QtyInPackage><UnitOfMeasurePrice>0.0341</UnitOfMeasurePrice><AllowDiscount>1</AllowDiscount><ItemStatus>1</ItemStatus><ItemPrice>5.70</ItemPrice></item><item><PriceUpdateDate>2015-10-22 08:04:46</PriceUpdateDate><ItemCode>7290000477190</ItemCode><ItemType>1</ItemType><ItemName>אצבעות מוצרלה 172 גר</ItemName><ManufacturerName>עמק</ManufacturerName><ManufactureCountry>ישראל</ManufactureCountry><ManufacturerItemDescription>אצבעות עמק 172 גרם</ManufacturerItemDescription><SoldByWeight/><Quantity>172.00</Quantity><UnitOfMeasure>גרם     </UnitOfMeasure><QtyInPackage>לא ידוע</QtyInPackage><UnitOfMeasurePrice>0.0959</UnitOfMeasurePrice><AllowDiscount>1</AllowDiscount><ItemStatus>1</ItemStatus><ItemPrice>16.50</ItemPrice></item><item><PriceUpdateDate>2015-11-13 10:56:46</PriceUpdateDate><ItemCode>7290000477206</ItemCode><ItemType>1</ItemType><ItemName>גבינה לבנה 3% בד''צ</ItemName><ManufacturerName>גבינות תנובה</ManufacturerName><ManufactureCountry>ישראל</ManufactureCountry><ManufacturerItemDescription>גבינה לבנה 3% בד''צ</ManufacturerItemDescription><SoldByWeight/><Quantity>250.00</Quantity><UnitOfMeasure>גרם     </UnitOfMeasure><QtyInPackage>לא ידוע</QtyInPackage><UnitOfMeasurePrice>0.0196</UnitOfMeasurePrice><AllowDiscount>1</AllowDiscount><ItemStatus>1</ItemStatus><ItemPrice>4.90</ItemPrice></item><item><PriceUpdateDate>2015-10-21 09:13:07</PriceUpdateDate><ItemCode>7290000477251</ItemCode><ItemType>1</ItemType><ItemName>קצפת צמחית השף הלבן</ItemName><ManufacturerName>שף לבן</ManufacturerName><ManufactureCountry>ישראל</ManufactureCountry><ManufacturerItemDescription>קצפת צמחית השף הלבן 250 מ</ManufacturerItemDescription><SoldByWeight/><Quantity>250.00</Quantity><UnitOfMeasure>מ"ל</UnitOfMeasure><QtyInPackage>לא ידוע</QtyInPackage><UnitOfMeasurePrice>0.0396</UnitOfMeasurePrice><AllowDiscount>1</AllowDiscount><ItemStatus>1</ItemStatus><ItemPrice>9.90</ItemPrice></item><item><PriceUpdateDate>2016-04-18 11:09:42</PriceUpdateDate><ItemCode>7290000477268</ItemCode><ItemType>1</ItemType><ItemName>מארז קצפת צמחית השף</ItemName><ManufacturerName>שף לבן</ManufacturerName><ManufactureCountry>ישראל</ManufactureCountry><ManufacturerItemDescription>מארז קצפת צמחית השף</ManufacturerItemDescription><SoldByWeight/><Quantity>750.00</Quantity><UnitOfMeasure>מ"ל</UnitOfMeasure><QtyInPackage>לא ידוע</QtyInPackage><UnitOfMeasurePrice>0.0332</UnitOfMeasurePrice><AllowDiscount>1</AllowDiscount><ItemStatus>1</ItemStatus><ItemPrice>24.90</ItemPrice></item><item><PriceUpdateDate>2016-05-01 10:19:58</PriceUpdateDate><ItemCode>7290000477275</ItemCode><ItemType>1</ItemType><ItemName>מב שוקו בננה תנובה 2</ItemName><ManufacturerName>שוק</ManufacturerName><ManufactureCountry>ישראל</ManufactureCountry><ManufacturerItemDescription>מב שוקו בננה תנובה 2</ManufacturerItemDescription><SoldByWeight/><Quantity>250.00</Quantity><UnitOfMeasure>מ"ל</UnitOfMeasure><QtyInPackage>לא ידוע</QtyInPackage><UnitOfMeasurePrice>0.0156</UnitOfMeasurePrice><AllowDiscount>1</AllowDiscount><ItemStatus>1</ItemStatus><ItemPrice>3.90</ItemPrice></item><item><PriceUpdateDate>2016-02-15 07:37:43</PriceUpdateDate><ItemCode>7290000477299</ItemCode><ItemType>1</ItemType><ItemName>יופלה מוקה 3% 150 גר</ItemName><ManufacturerName>יופלה</ManufacturerName><ManufactureCountry>ישראל</ManufactureCountry><ManufacturerItemDescription>יופלה מוקה 3% 150 גר</ManufacturerItemDescription><SoldByWeight/><Quantity>150.00</Quantity><UnitOfMeasure>גרם     </UnitOfMeasure><QtyInPackage>לא ידוע</QtyInPackage><UnitOfMeasurePrice>0.0353</UnitOfMeasurePrice><AllowDiscount>1</AllowDiscount><ItemStatus>1</ItemStatus><ItemPrice>5.30</ItemPrice></item><item><PriceUpdateDate>2015-10-13 11:27:32</PriceUpdateDate><ItemCode>7290000477305</ItemCode><ItemType>1</ItemType><ItemName>פרוסות עמק 5% פתיחה</ItemName><ManufacturerName>עמק</ManufacturerName><ManufactureCountry>ישראל</ManufactureCountry><ManufacturerItemDescription>גבינה עמק 5% פרוס פ.חוזרת</ManufacturerItemDescription><SoldByWeight/><Quantity>200.00</Quantity><UnitOfMeasure>גרם     </UnitOfMeasure><QtyInPackage>לא ידוע</QtyInPackage><UnitOfMeasurePrice>0.0890</UnitOfMeasurePrice><AllowDiscount>1</AllowDiscount><ItemStatus>1</ItemStatus><ItemPrice>17.80</ItemPrice></item><item><PriceUpdateDate>2015-10-13 11:27:32</PriceUpdateDate><ItemCode>7290000477312</ItemCode><ItemType>1</ItemType><ItemName>מעדן תנובה דיאט וניל</ItemName><ManufacturerName>מעדן תנובה</ManufacturerName><ManufactureCountry>ישראל</ManufactureCountry><ManufacturerItemDescription>מעדן דיאט וניל 150 גרם</ManufacturerItemDescription><SoldByWeight/><Quantity>150.00</Quantity><UnitOfMeasure>גרם     </UnitOfMeasure><QtyInPackage>לא ידוע</QtyInPackage><UnitOfMeasurePrice>0.0267</UnitOfMeasurePrice><AllowDiscount>1</AllowDiscount><ItemStatus>1</ItemStatus><ItemPrice>4.00</ItemPrice></item><item><PriceUpdateDate>2016-03-29 07:10:31</PriceUpdateDate><ItemCode>7290000477398</ItemCode><ItemType>1</ItemType><ItemName>גבינה בולגרית מעודנת</ItemName><ManufacturerName>פיראוס</ManufacturerName><ManufactureCountry>ישראל</ManufactureCountry><ManufacturerItemDescription>גבינה בולגרית מעודנת 5% פ</ManufacturerItemDescription><SoldByWeight/><Quantity>250.00</Quantity><UnitOfMeasure>גרם     </UnitOfMeasure><QtyInPackage>לא ידוע</QtyInPackage><UnitOfMeasurePrice>0.0836</UnitOfMeasurePrice><AllowDiscount>1</AllowDiscount><ItemStatus>1</ItemStatus><ItemPrice>20.90</ItemPrice></item><item><PriceUpdateDate>2015-11-15 20:34:43</PriceUpdateDate><ItemCode>7290000477558</ItemCode><ItemType>1</ItemType><ItemName>סלט חציל קלוי במיונז</ItemName><ManufacturerName>אחלה</ManufacturerName><ManufactureCountry>ישראל</ManufactureCountry><ManufacturerItemDescription>סלט 500חציל קלוי במיונז א</ManufacturerItemDescription><SoldByWeight/><Quantity>500.00</Quantity><UnitOfMeasure>גרם     </UnitOfMeasure><QtyInPackage>לא ידוע</QtyInPackage><UnitOfMeasurePrice>0.0354</UnitOfMeasurePrice><AllowDiscount>1</AllowDiscount><ItemStatus>1</ItemStatus><ItemPrice>17.70</ItemPrice></item><item><PriceUpdateDate>2015-10-14 10:41:04</PriceUpdateDate><ItemCode>7290000477671</ItemCode><ItemType>1</ItemType><ItemName>מים סאן בנדטו שישייה</ItemName><ManufacturerName>סאן בנדטו</ManufacturerName><ManufactureCountry>ישראל</ManufactureCountry><ManufacturerItemDescription>סן בנדטו1.5 ל 1/6מים מינר</ManufacturerItemDescription><SoldByWeight/><Quantity>9000.00</Quantity><UnitOfMeasure>מ"ל</UnitOfMeasure><QtyInPackage>לא ידוע</QtyInPackage><UnitOfMeasurePrice>0.0022</UnitOfMeasurePrice><AllowDiscount>1</AllowDiscount><ItemStatus>1</ItemStatus><ItemPrice>20.20</ItemPrice></item><item><PriceUpdateDate>2015-10-14 10:41:04</PriceUpdateDate><ItemCode>7290000477688</ItemCode><ItemType>1</ItemType><ItemName>מים סאן בנדטו מוגז ש</ItemName><ManufacturerName>סאן בנדטו</ManufacturerName><ManufactureCountry>איטליה</ManufactureCountry><ManufacturerItemDescription>מי פה ליסטרין טוטל קר750</ManufacturerItemDescription><SoldByWeight/><Quantity>9000.00</Quantity><UnitOfMeasure>מ"ל</UnitOfMeasure><QtyInPackage>לא ידוע</QtyInPackage><UnitOfMeasurePrice>0.0023</UnitOfMeasurePrice><AllowDiscount>1</AllowDiscount><ItemStatus>1</ItemStatus><ItemPrice>20.60</ItemPrice></item><item><PriceUpdateDate>2015-11-02 17:19:17</PriceUpdateDate><ItemCode>7290000478081</ItemCode><ItemType>1</ItemType><ItemName>פריגת קפוא לימון נענ</ItemName><ManufacturerName>פריגת קפוא</ManufacturerName><ManufactureCountry>ישראל</ManufactureCountry><ManufacturerItemDescription>פריגת קפוא לימון נענ</ManufacturerItemDescription><SoldByWeight/><Quantity>340.00</Quantity><UnitOfMeasure>מ"ל</UnitOfMeasure><QtyInPackage>לא ידוע</QtyInPackage><UnitOfMeasurePrice>0.0379</UnitOfMeasurePrice><AllowDiscount>1</AllowDiscount><ItemStatus>1</ItemStatus><ItemPrice>12.90</ItemPrice></item><item><PriceUpdateDate>2016-04-03 09:01:55</PriceUpdateDate><ItemCode>7290000478227</ItemCode><ItemType>1</ItemType><ItemName>חסה ערבית אייסברג יר</ItemName><ManufacturerName>שטראוס</ManufacturerName><ManufactureCountry>ישראל</ManufactureCountry><ManufacturerItemDescription>סלט חסה</ManufacturerItemDescription><SoldByWeight/><Quantity>300.00</Quantity><UnitOfMeasure>גרם     </UnitOfMeasure><QtyInPackage>לא ידוע</QtyInPackage><UnitOfMeasurePrice>0.0463</UnitOfMeasurePrice><AllowDiscount>1</AllowDiscount><ItemStatus>1</ItemStatus><ItemPrice>13.90</ItemPrice></item><item><PriceUpdateDate>2016-05-01 12:02:24</PriceUpdateDate><ItemCode>7290000478494</ItemCode><ItemType>1</ItemType><ItemName>קרקר 6 דגנים 200 גרם</ItemName><ManufacturerName>קרקר ב&amp;ב</ManufacturerName><ManufactureCountry>ישראל</ManufactureCountry><ManufacturerItemDescription>קרקר 6 דגנים</ManufacturerItemDescription><SoldByWeight/><Quantity>200.00</Quantity><UnitOfMeasure>גרם     </UnitOfMeasure><QtyInPackage>לא ידוע</QtyInPackage><UnitOfMeasurePrice>0.0445</UnitOfMeasurePrice><AllowDiscount>1</AllowDiscount><ItemStatus>1</ItemStatus><ItemPrice>9.50</ItemPrice></item><item><PriceUpdateDate>2016-03-16 14:00:26</PriceUpdateDate><ItemCode>7290000478654</ItemCode><ItemType>1</ItemType><ItemName>מטרנה חלבי שלב 2 700</ItemName><ManufacturerName>מטרנה</ManufacturerName><ManufactureCountry>ישראל</ManufactureCountry><ManufacturerItemDescription>מטרנה חלבי שלב 2 700</ManufacturerItemDescription><SoldByWeight/><Quantity>700.00</Quantity><UnitOfMeasure>גרם     </UnitOfMeasure><QtyInPackage>לא ידוע</QtyInPackage><UnitOfMeasurePrice>0.0756</UnitOfMeasurePrice><AllowDiscount>1</AllowDiscount><ItemStatus>1</ItemStatus><ItemPrice>52.90</ItemPrice></item><item><PriceUpdateDate>2016-05-01 10:20:00</PriceUpdateDate><ItemCode>7290000478739</ItemCode><ItemType>1</ItemType><ItemName>מב טחינה הנסיך 500 ג</ItemName><ManufacturerName>הנסיך</ManufacturerName><ManufactureCountry>ישראל</ManufactureCountry><ManufacturerItemDescription>טחינה הנסיך 100% טהור 500</ManufacturerItemDescription><SoldByWeight/><Quantity>500.00</Quantity><UnitOfMeasure>גרם     </UnitOfMeasure><QtyInPackage>לא ידוע</QtyInPackage><UnitOfMeasurePrice>0.0238</UnitOfMeasurePrice><AllowDiscount>1</AllowDiscount><ItemStatus>1</ItemStatus><ItemPrice>11.90</ItemPrice></item><item><PriceUpdateDate>2016-05-01 10:20:00</PriceUpdateDate><ItemCode>7290000478746</ItemCode><ItemType>1</ItemType><ItemName>מב טחינה הנסיך שומשו</ItemName><ManufacturerName>הנסיך</ManufacturerName><ManufactureCountry>ישראל</ManufactureCountry><ManufacturerItemDescription>טחינה הנסיך שומשום מלא 50</ManufacturerItemDescription><SoldByWeight/><Quantity>500.00</Quantity><UnitOfMeasure>גרם     </UnitOfMeasure><QtyInPackage>לא ידוע</QtyInPackage><UnitOfMeasurePrice>0.0238</UnitOfMeasurePrice><AllowDiscount>1</AllowDiscount><ItemStatus>1</ItemStatus><ItemPrice>11.90</ItemPrice></item><item><PriceUpdateDate>2016-03-16 14:00:58</PriceUpdateDate><ItemCode>7290000479194</ItemCode><ItemType>1</ItemType><ItemName>קקאו עלית 150 גרם</ItemName><ManufacturerName>עלית</ManufacturerName><ManufactureCountry>ישראל</ManufactureCountry><ManufacturerItemDescription>אבקת קקאו עלית 150 גרם</ManufacturerItemDescription><SoldByWeight/><Quantity>150.00</Quantity><UnitOfMeasure>גרם     </UnitOfMeasure><QtyInPackage>לא ידוע</QtyInPackage><UnitOfMeasurePrice>0.0660</UnitOfMeasurePrice><AllowDiscount>1</AllowDiscount><ItemStatus>1</ItemStatus><ItemPrice>9.90</ItemPrice></item><item><PriceUpdateDate>2015-10-13 11:27:32</PriceUpdateDate><ItemCode>7290000479682</ItemCode><ItemType>1</ItemType><ItemName>יוגורט פרופ פירות יע</ItemName><ManufacturerName>מולר</ManufacturerName><ManufactureCountry>ישראל</ManufactureCountry><ManufacturerItemDescription>פרופ פירות יער מולר 150</ManufacturerItemDescription><SoldByWeight/><Quantity>150.00</Quantity><UnitOfMeasure>מ"ל</UnitOfMeasure><QtyInPackage>לא ידוע</QtyInPackage><UnitOfMeasurePrice>0.0367</UnitOfMeasurePrice><AllowDiscount>1</AllowDiscount><ItemStatus>1</ItemStatus><ItemPrice>5.50</ItemPrice></item><item><PriceUpdateDate>2016-02-11 11:10:54</PriceUpdateDate><ItemCode>7290000479743</ItemCode><ItemType>1</ItemType><ItemName>חלב טרה 1% בקרטון 2</ItemName><ManufacturerName>טרה</ManufacturerName><ManufactureCountry>ישראל</ManufactureCountry><ManufacturerItemDescription>חלב טרה 1% בקרטון 2</ManufacturerItemDescription><SoldByWeight/><Quantity>2000.00</Quantity><UnitOfMeasure>מ"ל</UnitOfMeasure><QtyInPackage>לא ידוע</QtyInPackage><UnitOfMeasurePrice>0.0054</UnitOfMeasurePrice><AllowDiscount>1</AllowDiscount><ItemStatus>1</ItemStatus><ItemPrice>10.80</ItemPrice></item><item><PriceUpdateDate>2015-10-13 11:27:32</PriceUpdateDate><ItemCode>7290000480244</ItemCode><ItemType>1</ItemType><ItemName>מולר מיקס פצפוצי שוק</ItemName><ManufacturerName>מולר</ManufacturerName><ManufactureCountry>ישראל</ManufactureCountry><ManufacturerItemDescription>יוגורט מולר מיקס פצפוצי ש</ManufacturerItemDescription><SoldByWeight/><Quantity>150.00</Quantity><UnitOfMeasure>גרם     </UnitOfMeasure><QtyInPackage>לא ידוע</QtyInPackage><UnitOfMeasurePrice>0.0420</UnitOfMeasurePrice><AllowDiscount>0</AllowDiscount><ItemStatus>1</ItemStatus><ItemPrice>6.30</ItemPrice></item><item><PriceUpdateDate>2016-03-16 14:00:26</PriceUpdateDate><ItemCode>7290000480978</ItemCode><ItemType>1</ItemType><ItemName>סבון מוצק דאב רביעיי</ItemName><ManufacturerName>דאב</ManufacturerName><ManufactureCountry>ישראל</ManufactureCountry><ManufacturerItemDescription>סבון מוצק דאב רביעיי</ManufacturerItemDescription><SoldByWeight/><Quantity>400.00</Quantity><UnitOfMeasure>גרם     </UnitOfMeasure><QtyInPackage>לא ידוע</QtyInPackage><UnitOfMeasurePrice>0.0472</UnitOfMeasurePrice><AllowDiscount>1</AllowDiscount><ItemStatus>1</ItemStatus><ItemPrice>18.90</ItemPrice></item><item><PriceUpdateDate>2015-11-15 20:34:43</PriceUpdateDate><ItemCode>7290000482545</ItemCode><ItemType>1</ItemType><ItemName>ביסקוויט ללא גלוטן 2</ItemName><ManufacturerName>לא ידוע</ManufacturerName><ManufactureCountry>ישראל</ManufactureCountry><ManufacturerItemDescription>ביסקוויט ללא גלוטן 200 גר</ManufacturerItemDescription><SoldByWeight/><Quantity>200.00</Quantity><UnitOfMeasure>גרם     </UnitOfMeasure><QtyInPackage>לא ידוע</QtyInPackage><UnitOfMeasurePrice>0.0610</UnitOfMeasurePrice><AllowDiscount>1</AllowDiscount><ItemStatus>1</ItemStatus><ItemPrice>12.20</ItemPrice></item><item><PriceUpdateDate>2016-05-01 10:20:05</PriceUpdateDate><ItemCode>7290000482675</ItemCode><ItemType>1</ItemType><ItemName>מב מארז חטיף דובונים</ItemName><ManufacturerName>אסם</ManufacturerName><ManufactureCountry>ישראל</ManufactureCountry><ManufacturerItemDescription>מב מארז חטיף דובונים</ManufacturerItemDescription><SoldByWeight/><Quantity>100.00</Quantity><UnitOfMeasure>גרם     </UnitOfMeasure><QtyInPackage>לא ידוע</QtyInPackage><UnitOfMeasurePrice>0.1190</UnitOfMeasurePrice><AllowDiscount>1</AllowDiscount><ItemStatus>1</ItemStatus><ItemPrice>11.90</ItemPrice></item><item><PriceUpdateDate>2015-11-15 20:34:43</PriceUpdateDate><ItemCode>7290000482897</ItemCode><ItemType>1</ItemType><ItemName>במבה קלאסי 200 גרם</ItemName><ManufacturerName>במבה</ManufacturerName><ManufactureCountry>ישראל</ManufactureCountry><ManufacturerItemDescription>במבה קלאסי 200 גרם</ManufacturerItemDescription><SoldByWeight/><Quantity>200.00</Quantity><UnitOfMeasure>גרם     </UnitOfMeasure><QtyInPackage>לא ידוע</QtyInPackage><UnitOfMeasurePrice>0.0565</UnitOfMeasurePrice><AllowDiscount>1</AllowDiscount><ItemStatus>1</ItemStatus><ItemPrice>11.30</ItemPrice></item><item><PriceUpdateDate>2016-03-29 07:28:11</PriceUpdateDate><ItemCode>7290000483344</ItemCode><ItemType>1</ItemType><ItemName>מב שוופס פרוט תפוחים</ItemName><ManufacturerName>שוופס</ManufacturerName><ManufactureCountry>ישראל</ManufactureCountry><ManufacturerItemDescription>שוופס פירות תפוחים 1.5 לי</ManufacturerItemDescription><SoldByWeight/><Quantity>1500.00</Quantity><UnitOfMeasure>מ"ל</UnitOfMeasure><QtyInPackage>לא ידוע</QtyInPackage><UnitOfMeasurePrice>0.0046</UnitOfMeasurePrice><AllowDiscount>1</AllowDiscount><ItemStatus>1</ItemStatus><ItemPrice>6.90</ItemPrice></item><item><PriceUpdateDate>2015-11-02 17:19:18</PriceUpdateDate><ItemCode>7290000483474</ItemCode><ItemType>1</ItemType><ItemName>פופקורן בטעם טבעי 80</ItemName><ManufacturerName>עלית</ManufacturerName><ManufactureCountry>ישראל</ManufactureCountry><ManufacturerItemDescription>פופקורן בטעם טבעי 80 גרם</ManufacturerItemDescription><SoldByWeight/><Quantity>80.00</Quantity><UnitOfMeasure>גרם     </UnitOfMeasure><QtyInPackage>לא ידוע</QtyInPackage><UnitOfMeasurePrice>0.0738</UnitOfMeasurePrice><AllowDiscount>1</AllowDiscount><ItemStatus>1</ItemStatus><ItemPrice>5.90</ItemPrice></item><item><PriceUpdateDate>2015-12-15 06:35:42</PriceUpdateDate><ItemCode>7290000484143</ItemCode><ItemType>1</ItemType><ItemName>בונבוניירה ספלנדיד מ</ItemName><ManufacturerName>עלית</ManufacturerName><ManufactureCountry>ישראל</ManufactureCountry><ManufacturerItemDescription>בונ ספלנדיד מיקס משפחתי 2</ManufacturerItemDescription><SoldByWeight/><Quantity>216.00</Quantity><UnitOfMeasure>גרם     </UnitOfMeasure><QtyInPackage>לא ידוע</QtyInPackage><UnitOfMeasurePrice>0.1338</UnitOfMeasurePrice><AllowDiscount>1</AllowDiscount><ItemStatus>1</ItemStatus><ItemPrice>28.90</ItemPrice></item><item><PriceUpdateDate>2016-03-24 07:05:52</PriceUpdateDate><ItemCode>7290000484372</ItemCode><ItemType>1</ItemType><ItemName>מרשמלו יוגטה 180 גרם</ItemName><ManufacturerName>יוגטה</ManufacturerName><ManufactureCountry>ישראל</ManufactureCountry><ManufacturerItemDescription>מרשמלו יוגטה     גרם</ManufacturerItemDescription><SoldByWeight/><Quantity>180.00</Quantity><UnitOfMeasure>גרם     </UnitOfMeasure><QtyInPackage>לא ידוע</QtyInPackage><UnitOfMeasurePrice>0.0511</UnitOfMeasurePrice><AllowDiscount>1</AllowDiscount><ItemStatus>1</ItemStatus><ItemPrice>9.20</ItemPrice></item><item><PriceUpdateDate>2016-05-01 10:24:22</PriceUpdateDate><ItemCode>7290000484525</ItemCode><ItemType>1</ItemType><ItemName>עלית הארק לוקס 750 מ</ItemName><ManufacturerName>לא ממותג</ManufacturerName><ManufactureCountry>ישראל</ManufactureCountry><ManufacturerItemDescription>עלית הארק 750 40% מל</ManufacturerItemDescription><SoldByWeight/><Quantity>750.00</Quantity><UnitOfMeasure>מ"ל</UnitOfMeasure><QtyInPackage>לא ידוע</QtyInPackage><UnitOfMeasurePrice>0.0799</UnitOfMeasurePrice><AllowDiscount>1</AllowDiscount><ItemStatus>1</ItemStatus><ItemPrice>59.90</ItemPrice></item><item><PriceUpdateDate>2015-10-11 14:15:39</PriceUpdateDate><ItemCode>7290000484808</ItemCode><ItemType>1</ItemType><ItemName>מנה פריכיות אורז עם</ItemName><ManufacturerName>מנה</ManufacturerName><ManufactureCountry>ישראל</ManufactureCountry><ManufacturerItemDescription>פריכונים אורז עם מלח100 ג</ManufacturerItemDescription><SoldByWeight/><Quantity>100.00</Quantity><UnitOfMeasure>גרם     </UnitOfMeasure><QtyInPackage>לא ידוע</QtyInPackage><UnitOfMeasurePrice>0.0720</UnitOfMeasurePrice><AllowDiscount>1</AllowDiscount><ItemStatus>1</ItemStatus><ItemPrice>7.20</ItemPrice></item><item><PriceUpdateDate>2015-11-15 20:34:44</PriceUpdateDate><ItemCode>7290000484846</ItemCode><ItemType>1</ItemType><ItemName>פריכיות דקות אורז מל</ItemName><ManufacturerName>פרח תעשיות מזון</ManufacturerName><ManufactureCountry>ישראל</ManufactureCountry><ManufacturerItemDescription>פריכיות אורז דקות ללא מלח</ManufacturerItemDescription><SoldByWeight/><Quantity>100.00</Quantity><UnitOfMeasure>גרם     </UnitOfMeasure><QtyInPackage>לא ידוע</QtyInPackage><UnitOfMeasurePrice>0.0930</UnitOfMeasurePrice><AllowDiscount>1</AllowDiscount><ItemStatus>1</ItemStatus><ItemPrice>9.30</ItemPrice></item><item><PriceUpdateDate>2016-03-29 07:28:11</PriceUpdateDate><ItemCode>7290000485522</ItemCode><ItemType>1</ItemType><ItemName>מב לבבות דקל שלם ויל</ItemName><ManufacturerName>.N.Y.C</ManufacturerName><ManufactureCountry>ישראל</ManufactureCountry><ManufacturerItemDescription>דקל לבבות שלמים400 גרם</ManufacturerItemDescription><SoldByWeight/><Quantity>400.00</Quantity><UnitOfMeasure>גרם     </UnitOfMeasure><QtyInPackage>לא ידוע</QtyInPackage><UnitOfMeasurePrice>0.0273</UnitOfMeasurePrice><AllowDiscount>1</AllowDiscount><ItemStatus>1</ItemStatus><ItemPrice>10.90</ItemPrice></item><item><PriceUpdateDate>2016-01-04 21:29:51</PriceUpdateDate><ItemCode>7290000485652</ItemCode><ItemType>1</ItemType><ItemName>דגני בוקר קינמונים 5</ItemName><ManufacturerName>תלמה</ManufacturerName><ManufactureCountry>ישראל</ManufactureCountry><ManufacturerItemDescription>דגני בוקר קינמונים 5</ManufacturerItemDescription><SoldByWeight/><Quantity>500.00</Quantity><UnitOfMeasure>גרם     </UnitOfMeasure><QtyInPackage>לא ידוע</QtyInPackage><UnitOfMeasurePrice>0.0508</UnitOfMeasurePrice><AllowDiscount>1</AllowDiscount><ItemStatus>1</ItemStatus><ItemPrice>25.40</ItemPrice></item><item><PriceUpdateDate>2016-03-01 06:43:39</PriceUpdateDate><ItemCode>7290000486017</ItemCode><ItemType>1</ItemType><ItemName>קורנפלקס מלא - בד"צ</ItemName><ManufacturerName>קורנפלקס תלמה</ManufacturerName><ManufactureCountry>ישראל</ManufactureCountry><ManufacturerItemDescription>קורנפלקס מלא - בד"צ</ManufacturerItemDescription><SoldByWeight/><Quantity>500.00</Quantity><UnitOfMeasure>גרם     </UnitOfMeasure><QtyInPackage>לא ידוע</QtyInPackage><UnitOfMeasurePrice>0.0488</UnitOfMeasurePrice><AllowDiscount>1</AllowDiscount><ItemStatus>1</ItemStatus><ItemPrice>24.40</ItemPrice></item><item><PriceUpdateDate>2016-05-01 12:02:37</PriceUpdateDate><ItemCode>7290000486024</ItemCode><ItemType>1</ItemType><ItemName>קוסקוס בינוני סוגת 3</ItemName><ManufacturerName>סוגת</ManufacturerName><ManufactureCountry>ישראל</ManufactureCountry><ManufacturerItemDescription>קוסקוס בינוני סוגת 3</ManufacturerItemDescription><SoldByWeight/><Quantity>350.00</Quantity><UnitOfMeasure>גרם     </UnitOfMeasure><QtyInPackage>לא ידוע</QtyInPackage><UnitOfMeasurePrice>0.0203</UnitOfMeasurePrice><AllowDiscount>1</AllowDiscount><ItemStatus>1</ItemStatus><ItemPrice>6.90</ItemPrice></item><item><PriceUpdateDate>2016-03-16 14:00:58</PriceUpdateDate><ItemCode>7290000486130</ItemCode><ItemType>1</ItemType><ItemName>בפלות לימון בד"צ 300</ItemName><ManufacturerName>עלית</ManufacturerName><ManufactureCountry>ישראל</ManufactureCountry><ManufacturerItemDescription>בפלות לימון קראנץ 300 גרם</ManufacturerItemDescription><SoldByWeight/><Quantity>300.00</Quantity><UnitOfMeasure>גרם     </UnitOfMeasure><QtyInPackage>לא ידוע</QtyInPackage><UnitOfMeasurePrice>0.0220</UnitOfMeasurePrice><AllowDiscount>1</AllowDiscount><ItemStatus>1</ItemStatus><ItemPrice>6.60</ItemPrice></item><item><PriceUpdateDate>2015-11-15 20:34:45</PriceUpdateDate><ItemCode>7290000486345</ItemCode><ItemType>1</ItemType><ItemName>חטיפי טורטיה שום ובצ</ItemName><ManufacturerName>אסם</ManufacturerName><ManufactureCountry>ישראל</ManufactureCountry><ManufacturerItemDescription>חטיפי טורטיה שום ובצ</ManufacturerItemDescription><SoldByWeight/><Quantity>60.00</Quantity><UnitOfMeasure>גרם     </UnitOfMeasure><QtyInPackage>לא ידוע</QtyInPackage><UnitOfMeasurePrice>0.1550</UnitOfMeasurePrice><AllowDiscount>1</AllowDiscount><ItemStatus>1</ItemStatus><ItemPrice>9.30</ItemPrice></item><item><PriceUpdateDate>2015-11-15 20:34:45</PriceUpdateDate><ItemCode>7290000486833</ItemCode><ItemType>1</ItemType><ItemName>עגבניות מרוסקות 800</ItemName><ManufacturerName>לא ממותג</ManufacturerName><ManufactureCountry>ישראל</ManufactureCountry><ManufacturerItemDescription>עגבניות מרוסקות 800</ManufacturerItemDescription><SoldByWeight/><Quantity>800.00</Quantity><UnitOfMeasure>גרם     </UnitOfMeasure><QtyInPackage>לא ידוע</QtyInPackage><UnitOfMeasurePrice>0.0101</UnitOfMeasurePrice><AllowDiscount>1</AllowDiscount><ItemStatus>1</ItemStatus><ItemPrice>8.10</ItemPrice></item><item><PriceUpdateDate>2016-02-17 06:20:37</PriceUpdateDate><ItemCode>7290000486864</ItemCode><ItemType>1</ItemType><ItemName>שמן זיתולה עץ הזית 7</ItemName><ManufacturerName>עץ הזית</ManufacturerName><ManufactureCountry>ישראל</ManufactureCountry><ManufacturerItemDescription>שמן זיתולה עץ הזית 750 מל</ManufacturerItemDescription><SoldByWeight/><Quantity>750.00</Quantity><UnitOfMeasure>מ"ל</UnitOfMeasure><QtyInPackage>לא ידוע</QtyInPackage><UnitOfMeasurePrice>0.0332</UnitOfMeasurePrice><AllowDiscount>1</AllowDiscount><ItemStatus>1</ItemStatus><ItemPrice>24.90</ItemPrice></item><item><PriceUpdateDate>2015-11-12 14:52:19</PriceUpdateDate><ItemCode>7290000486895</ItemCode><ItemType>1</ItemType><ItemName>שמן זית כתית מעולה 7</ItemName><ManufacturerName>לא ממותג</ManufacturerName><ManufactureCountry>ישראל</ManufactureCountry><ManufacturerItemDescription>שמן זית כתית מעולה 750 מל</ManufacturerItemDescription><SoldByWeight/><Quantity>690.00</Quantity><UnitOfMeasure>גרם     </UnitOfMeasure><QtyInPackage>לא ידוע</QtyInPackage><UnitOfMeasurePrice>0.0546</UnitOfMeasurePrice><AllowDiscount>1</AllowDiscount><ItemStatus>1</ItemStatus><ItemPrice>37.70</ItemPrice></item><item><PriceUpdateDate>2016-03-16 14:00:58</PriceUpdateDate><ItemCode>7290000486949</ItemCode><ItemType>1</ItemType><ItemName>רסק פריכוז 28% A2 58</ItemName><ManufacturerName>יכין</ManufacturerName><ManufactureCountry>ישראל</ManufactureCountry><ManufacturerItemDescription>רסק עגבניות פריכוז 580 יכ</ManufacturerItemDescription><SoldByWeight/><Quantity>580.00</Quantity><UnitOfMeasure>גרם     </UnitOfMeasure><QtyInPackage>לא ידוע</QtyInPackage><UnitOfMeasurePrice>0.0147</UnitOfMeasurePrice><AllowDiscount>1</AllowDiscount><ItemStatus>1</ItemStatus><ItemPrice>8.50</ItemPrice></item><item><PriceUpdateDate>2015-11-02 17:19:20</PriceUpdateDate><ItemCode>7290000487083</ItemCode><ItemType>1</ItemType><ItemName>ערמונים קלופים וקלוי</ItemName><ManufacturerName>לא ממותג</ManufacturerName><ManufactureCountry>ישראל</ManufactureCountry><ManufacturerItemDescription>ערמונים קלופים וקלוי</ManufacturerItemDescription><SoldByWeight/><Quantity>100.00</Quantity><UnitOfMeasure>גרם     </UnitOfMeasure><QtyInPackage>לא ידוע</QtyInPackage><UnitOfMeasurePrice>0.0870</UnitOfMeasurePrice><AllowDiscount>1</AllowDiscount><ItemStatus>1</ItemStatus><ItemPrice>8.70</ItemPrice></item><item><PriceUpdateDate>2015-07-27 08:16:23</PriceUpdateDate><ItemCode>7290000487090</ItemCode><ItemType>1</ItemType><ItemName>מרשמלו ממולא ג'לי יו</ItemName><ManufacturerName>יוגטה</ManufacturerName><ManufactureCountry>ישראל</ManufactureCountry><ManufacturerItemDescription>מרשמלו ממולא ג'לי יו</ManufacturerItemDescription><SoldByWeight/><Quantity>500.00</Quantity><UnitOfMeasure>גרם     </UnitOfMeasure><QtyInPackage>לא ידוע</QtyInPackage><UnitOfMeasurePrice>0.0332</UnitOfMeasurePrice><AllowDiscount>1</AllowDiscount><ItemStatus>1</ItemStatus><ItemPrice>16.60</ItemPrice></item><item><PriceUpdateDate>2015-03-08 15:55:15</PriceUpdateDate><ItemCode>7290000487113</ItemCode><ItemType>1</ItemType><ItemName>טופי יוגטה 200 גרם</ItemName><ManufacturerName>יוגטה</ManufacturerName><ManufactureCountry>ישראל</ManufactureCountry><ManufacturerItemDescription>טופי 200 גר יוגטה</ManufacturerItemDescription><SoldByWeight/><Quantity>200.00</Quantity><UnitOfMeasure>גרם     </UnitOfMeasure><QtyInPackage>לא ידוע</QtyInPackage><UnitOfMeasurePrice>0.0495</UnitOfMeasurePrice><AllowDiscount>1</AllowDiscount><ItemStatus>1</ItemStatus><ItemPrice>9.90</ItemPrice></item><item><PriceUpdateDate>2015-03-18 11:05:53</PriceUpdateDate><ItemCode>7290000487168</ItemCode><ItemType>1</ItemType><ItemName>מאגדת קליק שמיניית מ</ItemName><ManufacturerName>קליק ורד הגליל</ManufacturerName><ManufactureCountry>ישראל</ManufactureCountry><ManufacturerItemDescription>מאגדת קליק שמיניית מ</ManufacturerItemDescription><SoldByWeight/><Quantity>200.00</Quantity><UnitOfMeasure>גרם     </UnitOfMeasure><QtyInPackage>לא ידוע</QtyInPackage><UnitOfMeasurePrice>0.1245</UnitOfMeasurePrice><AllowDiscount>1</AllowDiscount><ItemStatus>1</ItemStatus><ItemPrice>24.90</ItemPrice></item><item><PriceUpdateDate>2016-05-01 12:02:41</PriceUpdateDate><ItemCode>7290000487243</ItemCode><ItemType>1</ItemType><ItemName>מארז חטיף במבה 10*25</ItemName><ManufacturerName>במבה</ManufacturerName><ManufactureCountry>ישראל</ManufactureCountry><ManufacturerItemDescription>מארז חטיף במבה 10*25</ManufacturerItemDescription><SoldByWeight/><Quantity>250.00</Quantity><UnitOfMeasure>גרם     </UnitOfMeasure><QtyInPackage>לא ידוע</QtyInPackage><UnitOfMeasurePrice>0.0716</UnitOfMeasurePrice><AllowDiscount>1</AllowDiscount><ItemStatus>1</ItemStatus><ItemPrice>17.90</ItemPrice></item><item><PriceUpdateDate>2015-11-15 20:35:07</PriceUpdateDate><ItemCode>7290000504025</ItemCode><ItemType>1</ItemType><ItemName>סוכרזית פטרייה 300 ט</ItemName><ManufacturerName>סוכרלייט</ManufacturerName><ManufactureCountry>ישראל</ManufactureCountry><ManufacturerItemDescription>ממתיק סוכרזית פיטריה300טב</ManufacturerItemDescription><SoldByWeight/><Quantity>14.00</Quantity><UnitOfMeasure>גרם     </UnitOfMeasure><QtyInPackage>לא ידוע</QtyInPackage><UnitOfMeasurePrice>0.7214</UnitOfMeasurePrice><AllowDiscount>1</AllowDiscount><ItemStatus>1</ItemStatus><ItemPrice>10.10</ItemPrice></item><item><PriceUpdateDate>2016-05-01 12:05:35</PriceUpdateDate><ItemCode>7290000506111</ItemCode><ItemType>1</ItemType><ItemName>חזרת לבנה/אדומה 400</ItemName><ManufacturerName>פיאו</ManufacturerName><ManufactureCountry>ישראל</ManufactureCountry><ManufacturerItemDescription>חזרת אדומה400 גר</ManufacturerItemDescription><SoldByWeight/><Quantity>400.00</Quantity><UnitOfMeasure>גרם     </UnitOfMeasure><QtyInPackage>לא ידוע</QtyInPackage><UnitOfMeasurePrice>0.0405</UnitOfMeasurePrice><AllowDiscount>1</AllowDiscount><ItemStatus>1</ItemStatus><ItemPrice>16.20</ItemPrice></item><item><PriceUpdateDate>2015-12-01 07:18:01</PriceUpdateDate><ItemCode>7290000522159</ItemCode><ItemType>1</ItemType><ItemName>חלב הרים טהור 1% עמי</ItemName><ManufacturerName>מחלבות רמת הגולן</ManufacturerName><ManufactureCountry>ישראל</ManufactureCountry><ManufacturerItemDescription>חלב הרים טהור 1 ליטר</ManufacturerItemDescription><SoldByWeight/><Quantity>1.00</Quantity><UnitOfMeasure>ליטר    </UnitOfMeasure><QtyInPackage>לא ידוע</QtyInPackage><UnitOfMeasurePrice>9.4000</UnitOfMeasurePrice><AllowDiscount>1</AllowDiscount><ItemStatus>1</ItemStatus><ItemPrice>9.40</ItemPrice></item><item><PriceUpdateDate>2015-11-13 10:56:48</PriceUpdateDate><ItemCode>7290000522166</ItemCode><ItemType>1</ItemType><ItemName>חלב הרים טהור נטול ל</ItemName><ManufacturerName>מחלבות רמת הגולן</ManufacturerName><ManufactureCountry>ישראל</ManufactureCountry><ManufacturerItemDescription>חלב הרים טהור 3% נטול לקט</ManufacturerItemDescription><SoldByWeight/><Quantity>1.00</Quantity><UnitOfMeasure>ליטר    </UnitOfMeasure><QtyInPackage>לא ידוע</QtyInPackage><UnitOfMeasurePrice>10.9000</UnitOfMeasurePrice><AllowDiscount>1</AllowDiscount><ItemStatus>1</ItemStatus><ItemPrice>10.90</ItemPrice></item><item><PriceUpdateDate>2016-03-10 08:43:09</PriceUpdateDate><ItemCode>7290000523118</ItemCode><ItemType>1</ItemType><ItemName>מלח הארץ ים יבש 1 ק"</ItemName><ManufacturerName>מלח הארץ</ManufacturerName><ManufactureCountry>ישראל</ManufactureCountry><ManufacturerItemDescription>מלח הארץ ים יבש 1 ק"</ManufacturerItemDescription><SoldByWeight/><Quantity>1000.00</Quantity><UnitOfMeasure>גרם     </UnitOfMeasure><QtyInPackage>לא ידוע</QtyInPackage><UnitOfMeasurePrice>0.0079</UnitOfMeasurePrice><AllowDiscount>1</AllowDiscount><ItemStatus>1</ItemStatus><ItemPrice>7.90</ItemPrice></item><item><PriceUpdateDate>2016-05-01 10:24:27</PriceUpdateDate><ItemCode>7290000523125</ItemCode><ItemType>1</ItemType><ItemName>מב מלח הארץ ים יבש 2</ItemName><ManufacturerName>מלח הארץ</ManufacturerName><ManufactureCountry>ישראל</ManufactureCountry><ManufacturerItemDescription>מלח ים יבש 250 גר</ManufacturerItemDescription><SoldByWeight/><Quantity>250.00</Quantity><UnitOfMeasure>גרם     </UnitOfMeasure><QtyInPackage>לא ידוע</QtyInPackage><UnitOfMeasurePrice>0.0156</UnitOfMeasurePrice><AllowDiscount>1</AllowDiscount><ItemStatus>1</ItemStatus><ItemPrice>3.90</ItemPrice></item><item><PriceUpdateDate>2016-05-01 12:05:35</PriceUpdateDate><ItemCode>7290000523224</ItemCode><ItemType>1</ItemType><ItemName>מלח הארץ ים יבש 500</ItemName><ManufacturerName>מלח הארץ</ManufacturerName><ManufactureCountry>ישראל</ManufactureCountry><ManufacturerItemDescription>מלח ים יבש 500 גר</ManufacturerItemDescription><SoldByWeight/><Quantity>500.00</Quantity><UnitOfMeasure>גרם     </UnitOfMeasure><QtyInPackage>לא ידוע</QtyInPackage><UnitOfMeasurePrice>0.0162</UnitOfMeasurePrice><AllowDiscount>1</AllowDiscount><ItemStatus>1</ItemStatus><ItemPrice>8.10</ItemPrice></item><item><PriceUpdateDate>2014-12-01 06:28:19</PriceUpdateDate><ItemCode>7290000523804</ItemCode><ItemType>1</ItemType><ItemName>מלח הארץ עדין 1 ק"ג</ItemName><ManufacturerName>מלח הארץ</ManufacturerName><ManufactureCountry>ישראל</ManufactureCountry><ManufacturerItemDescription>מלח הארץ עדין 1 ק"ג</ManufacturerItemDescription><SoldByWeight/><Quantity>1000.00</Quantity><UnitOfMeasure>גרם     </UnitOfMeasure><QtyInPackage>לא ידוע</QtyInPackage><UnitOfMeasurePrice>0.0073</UnitOfMeasurePrice><AllowDiscount>1</AllowDiscount><ItemStatus>1</ItemStatus><ItemPrice>7.30</ItemPrice></item><item><PriceUpdateDate>2014-12-01 06:28:19</PriceUpdateDate><ItemCode>7290000523811</ItemCode><ItemType>1</ItemType><ItemName>מלח הארץ גס 1 ק''ג</ItemName><ManufacturerName>מלח הארץ</ManufacturerName><ManufactureCountry>ישראל</ManufactureCountry><ManufacturerItemDescription>מלח גס צנצנת 1 קג</ManufacturerItemDescription><SoldByWeight/><Quantity>1000.00</Quantity><UnitOfMeasure>גרם     </UnitOfMeasure><QtyInPackage>לא ידוע</QtyInPackage><UnitOfMeasurePrice>0.0073</UnitOfMeasurePrice><AllowDiscount>1</AllowDiscount><ItemStatus>1</ItemStatus><ItemPrice>7.30</ItemPrice></item><item><PriceUpdateDate>2016-03-29 07:10:49</PriceUpdateDate><ItemCode>7290000525969</ItemCode><ItemType>1</ItemType><ItemName>מיץ סחוט תפוזים 1 לי</ItemName><ManufacturerName>פרימור</ManufacturerName><ManufactureCountry>ישראל</ManufactureCountry><ManufacturerItemDescription>מיץ סחוט תפוזים 1 ל</ManufacturerItemDescription><SoldByWeight/><Quantity>1000.00</Quantity><UnitOfMeasure>מ"ל</UnitOfMeasure><QtyInPackage>לא ידוע</QtyInPackage><UnitOfMeasurePrice>0.0152</UnitOfMeasurePrice><AllowDiscount>1</AllowDiscount><ItemStatus>1</ItemStatus><ItemPrice>15.20</ItemPrice></item><item><PriceUpdateDate>2016-03-29 07:10:49</PriceUpdateDate><ItemCode>7290000530598</ItemCode><ItemType>1</ItemType><ItemName>נקניקיות וינר 500 גר</ItemName><ManufacturerName>זוגלובק</ManufacturerName><ManufactureCountry>ישראל</ManufactureCountry><ManufacturerItemDescription>נקניקיות וינר</ManufacturerItemDescription><SoldByWeight/><Quantity>500.00</Quantity><UnitOfMeasure>גרם     </UnitOfMeasure><QtyInPackage>לא ידוע</QtyInPackage><UnitOfMeasurePrice>0.0358</UnitOfMeasurePrice><AllowDiscount>1</AllowDiscount><ItemStatus>1</ItemStatus><ItemPrice>17.90</ItemPrice></item><item><PriceUpdateDate>2014-12-01 06:27:33</PriceUpdateDate><ItemCode>7290000531496</ItemCode><ItemType>1</ItemType><ItemName>נקניק קבנוס 180 גרם</ItemName><ManufacturerName>זוגלובק</ManufacturerName><ManufactureCountry>ישראל</ManufactureCountry><ManufacturerItemDescription>נקניק קבנוס 180 גרם</ManufacturerItemDescription><SoldByWeight/><Quantity>180.00</Quantity><UnitOfMeasure>גרם     </UnitOfMeasure><QtyInPackage>לא ידוע</QtyInPackage><UnitOfMeasurePrice>0.1072</UnitOfMeasurePrice><AllowDiscount>1</AllowDiscount><ItemStatus>1</ItemStatus><ItemPrice>19.30</ItemPrice></item><item><PriceUpdateDate>2016-05-01 12:05:36</PriceUpdateDate><ItemCode>7290000537566</ItemCode><ItemType>1</ItemType><ItemName>נקניקיות עוף זוגלובק</ItemName><ManufacturerName>זוגלובק</ManufacturerName><ManufactureCountry>ישראל</ManufactureCountry><ManufacturerItemDescription>נקניקיות עוף 400 ג טרי</ManufacturerItemDescription><SoldByWeight/><Quantity>400.00</Quantity><UnitOfMeasure>גרם     </UnitOfMeasure><QtyInPackage>לא ידוע</QtyInPackage><UnitOfMeasurePrice>0.0273</UnitOfMeasurePrice><AllowDiscount>1</AllowDiscount><ItemStatus>1</ItemStatus><ItemPrice>10.90</ItemPrice></item><item><PriceUpdateDate>2016-03-01 07:13:17</PriceUpdateDate><ItemCode>7290000552569</ItemCode><ItemType>1</ItemType><ItemName>מב סטייק בורגר 400 ג</ItemName><ManufacturerName>טיבון ויל</ManufacturerName><ManufactureCountry>ישראל</ManufactureCountry><ManufacturerItemDescription>סטייק בורגר בקר 400 גר</ManufacturerItemDescription><SoldByWeight/><Quantity>400.00</Quantity><UnitOfMeasure>גרם     </UnitOfMeasure><QtyInPackage>לא ידוע</QtyInPackage><UnitOfMeasurePrice>0.0472</UnitOfMeasurePrice><AllowDiscount>1</AllowDiscount><ItemStatus>1</ItemStatus><ItemPrice>18.90</ItemPrice></item><item><PriceUpdateDate>2015-11-13 10:56:48</PriceUpdateDate><ItemCode>7290000554402</ItemCode><ItemType>1</ItemType><ItemName>פודינג מלבי 160 מ"ל</ItemName><ManufacturerName>גד</ManufacturerName><ManufactureCountry>ישראל</ManufactureCountry><ManufacturerItemDescription>מעדן חלב מלבי 170 גר</ManufacturerItemDescription><SoldByWeight/><Quantity>160.00</Quantity><UnitOfMeasure>מ"ל</UnitOfMeasure><QtyInPackage>לא ידוע</QtyInPackage><UnitOfMeasurePrice>0.0394</UnitOfMeasurePrice><AllowDiscount>1</AllowDiscount><ItemStatus>1</ItemStatus><ItemPrice>6.30</ItemPrice></item><item><PriceUpdateDate>2016-03-29 07:10:50</PriceUpdateDate><ItemCode>7290000554457</ItemCode><ItemType>1</ItemType><ItemName>גבינה צפתית 5% 350 ג</ItemName><ManufacturerName>גד</ManufacturerName><ManufactureCountry>ישראל</ManufactureCountry><ManufacturerItemDescription>גבינה צפתית מיני 350 גר</ManufacturerItemDescription><SoldByWeight/><Quantity>350.00</Quantity><UnitOfMeasure>גרם     </UnitOfMeasure><QtyInPackage>לא ידוע</QtyInPackage><UnitOfMeasurePrice>0.0597</UnitOfMeasurePrice><AllowDiscount>0</AllowDiscount><ItemStatus>1</ItemStatus><ItemPrice>20.90</ItemPrice></item><item><PriceUpdateDate>2016-03-29 07:28:28</PriceUpdateDate><ItemCode>7290000554532</ItemCode><ItemType>1</ItemType><ItemName>מב צפתית 5% מלח ים 2</ItemName><ManufacturerName>גד</ManufacturerName><ManufactureCountry>ישראל</ManufactureCountry><ManufacturerItemDescription>גבינה צפתית מעודנת 200 5%</ManufacturerItemDescription><SoldByWeight/><Quantity>200.00</Quantity><UnitOfMeasure>גרם     </UnitOfMeasure><QtyInPackage>לא ידוע</QtyInPackage><UnitOfMeasurePrice>0.0495</UnitOfMeasurePrice><AllowDiscount>1</AllowDiscount><ItemStatus>1</ItemStatus><ItemPrice>9.90</ItemPrice></item><item><PriceUpdateDate>2016-01-05 08:33:40</PriceUpdateDate><ItemCode>7290000554624</ItemCode><ItemType>1</ItemType><ItemName>מעדן ירח מתוק 150 גר</ItemName><ManufacturerName>גד</ManufacturerName><ManufactureCountry>ישראל</ManufactureCountry><ManufacturerItemDescription>מעדן חלב עם אורז 150 - 3%</ManufacturerItemDescription><SoldByWeight/><Quantity>150.00</Quantity><UnitOfMeasure>מ"ל</UnitOfMeasure><QtyInPackage>לא ידוע</QtyInPackage><UnitOfMeasurePrice>0.0393</UnitOfMeasurePrice><AllowDiscount>1</AllowDiscount><ItemStatus>1</ItemStatus><ItemPrice>5.90</ItemPrice></item><item><PriceUpdateDate>2015-10-22 08:36:44</PriceUpdateDate><ItemCode>7290000554686</ItemCode><ItemType>1</ItemType><ItemName>לאבנה בשמן זית וזעתר</ItemName><ManufacturerName>גד</ManufacturerName><ManufactureCountry>ישראל</ManufactureCountry><ManufacturerItemDescription>לבנה בשמןזית+זעתר 250-5%ג</ManufacturerItemDescription><SoldByWeight/><Quantity>250.00</Quantity><UnitOfMeasure>גרם     </UnitOfMeasure><QtyInPackage>לא ידוע</QtyInPackage><UnitOfMeasurePrice>0.0620</UnitOfMeasurePrice><AllowDiscount>1</AllowDiscount><ItemStatus>1</ItemStatus><ItemPrice>15.50</ItemPrice></item><item><PriceUpdateDate>2016-03-01 06:44:22</PriceUpdateDate><ItemCode>7290000554822</ItemCode><ItemType>1</ItemType><ItemName>גבינת ריקוטה באריזה</ItemName><ManufacturerName>גד</ManufacturerName><ManufactureCountry>ישראל</ManufactureCountry><ManufacturerItemDescription>גבינה ריקוטה 250 גר</ManufacturerItemDescription><SoldByWeight/><Quantity>250.00</Quantity><UnitOfMeasure>גרם     </UnitOfMeasure><QtyInPackage>לא ידוע</QtyInPackage><UnitOfMeasurePrice>0.0568</UnitOfMeasurePrice><AllowDiscount>1</AllowDiscount><ItemStatus>1</ItemStatus><ItemPrice>14.20</ItemPrice></item><item><PriceUpdateDate>2015-10-22 08:04:47</PriceUpdateDate><ItemCode>7290000571386</ItemCode><ItemType>1</ItemType><ItemName>יוגורמה בית יצחק 850</ItemName><ManufacturerName>בית יצחק</ManufacturerName><ManufactureCountry>ישראל</ManufactureCountry><ManufacturerItemDescription>יוגורט יוגורמה מחלב כבשים</ManufacturerItemDescription><SoldByWeight/><Quantity>850.00</Quantity><UnitOfMeasure>מ"ל</UnitOfMeasure><QtyInPackage>לא ידוע</QtyInPackage><UnitOfMeasurePrice>0.0319</UnitOfMeasurePrice><AllowDiscount>1</AllowDiscount><ItemStatus>1</ItemStatus><ItemPrice>27.10</ItemPrice></item><item><PriceUpdateDate>2015-10-22 08:04:47</PriceUpdateDate><ItemCode>7290000571393</ItemCode><ItemType>1</ItemType><ItemName>יוגורמה כבשים 140 גר</ItemName><ManufacturerName>יוגורמה</ManufacturerName><ManufactureCountry>ישראל</ManufactureCountry><ManufacturerItemDescription>יוגורמה יוגורט מחלב כבשים</ManufacturerItemDescription><SoldByWeight/><Quantity>140.00</Quantity><UnitOfMeasure>גרם     </UnitOfMeasure><QtyInPackage>לא ידוע</QtyInPackage><UnitOfMeasurePrice>0.0471</UnitOfMeasurePrice><AllowDiscount>1</AllowDiscount><ItemStatus>1</ItemStatus><ItemPrice>6.60</ItemPrice></item><item><PriceUpdateDate>2016-02-23 07:14:49</PriceUpdateDate><ItemCode>7290000572208</ItemCode><ItemType>1</ItemType><ItemName>חלבה וניל 100 גרם</ItemName><ManufacturerName>אחווה</ManufacturerName><ManufactureCountry>ישראל</ManufactureCountry><ManufacturerItemDescription>חלבה אחוה 100 גר</ManufacturerItemDescription><SoldByWeight/><Quantity>100.00</Quantity><UnitOfMeasure>גרם     </UnitOfMeasure><QtyInPackage>לא ידוע</QtyInPackage><UnitOfMeasurePrice>0.0390</UnitOfMeasurePrice><AllowDiscount>1</AllowDiscount><ItemStatus>1</ItemStatus><ItemPrice>3.90</ItemPrice></item><item><PriceUpdateDate>2016-01-04 21:30:26</PriceUpdateDate><ItemCode>7290000572222</ItemCode><ItemType>1</ItemType><ItemName>חלבה 500 גרם</ItemName><ManufacturerName>אחוה</ManufacturerName><ManufactureCountry>ישראל</ManufactureCountry><ManufacturerItemDescription>חלבה 500 גרם</ManufacturerItemDescription><SoldByWeight/><Quantity>500.00</Quantity><UnitOfMeasure>גרם     </UnitOfMeasure><QtyInPackage>לא ידוע</QtyInPackage><UnitOfMeasurePrice>0.0346</UnitOfMeasurePrice><AllowDiscount>1</AllowDiscount><ItemStatus>1</ItemStatus><ItemPrice>17.30</ItemPrice></item><item><PriceUpdateDate>2015-11-15 20:35:07</PriceUpdateDate><ItemCode>7290000572628</ItemCode><ItemType>1</ItemType><ItemName>חטיפי חלבה לייט 275</ItemName><ManufacturerName>אחוה</ManufacturerName><ManufactureCountry>ישראל</ManufactureCountry><ManufacturerItemDescription>חטיף חלוה לייט וניל275 11</ManufacturerItemDescription><SoldByWeight/><Quantity>275.00</Quantity><UnitOfMeasure>גרם     </UnitOfMeasure><QtyInPackage>לא ידוע</QtyInPackage><UnitOfMeasurePrice>0.0851</UnitOfMeasurePrice><AllowDiscount>1</AllowDiscount><ItemStatus>1</ItemStatus><ItemPrice>23.40</ItemPrice></item><item><PriceUpdateDate>2015-11-15 20:35:08</PriceUpdateDate><ItemCode>7290000572642</ItemCode><ItemType>1</ItemType><ItemName>חלבה לייט  500 גרם</ItemName><ManufacturerName>אחוה</ManufacturerName><ManufactureCountry>ישראל</ManufactureCountry><ManufacturerItemDescription>חלבה לייט  500 גרם</ManufacturerItemDescription><SoldByWeight/><Quantity>500.00</Quantity><UnitOfMeasure>גרם     </UnitOfMeasure><QtyInPackage>לא ידוע</QtyInPackage><UnitOfMeasurePrice>0.0508</UnitOfMeasurePrice><AllowDiscount>1</AllowDiscount><ItemStatus>1</ItemStatus><ItemPrice>25.40</ItemPrice></item><item><PriceUpdateDate>2014-12-01 06:28:47</PriceUpdateDate><ItemCode>7290000633992</ItemCode><ItemType>3</ItemType><ItemName>גרונות עוף טרי</ItemName><ManufacturerName>תנובה בשר</ManufacturerName><ManufactureCountry>ישראל</ManufactureCountry><ManufacturerItemDescription>גרונות עוף טרי</ManufacturerItemDescription><SoldByWeight/><Quantity>1.00</Quantity><UnitOfMeasure>ק"ג</UnitOfMeasure><QtyInPackage>לא ידוע</QtyInPackage><UnitOfMeasurePrice>6.1000</UnitOfMeasurePrice><AllowDiscount>1</AllowDiscount><ItemStatus>1</ItemStatus><ItemPrice>6.10</ItemPrice></item><item><PriceUpdateDate>2016-04-14 07:20:41</PriceUpdateDate><ItemCode>7290000644684</ItemCode><ItemType>3</ItemType><ItemName>פילה אמנון קפוא תנוב</ItemName><ManufacturerName>דגי תנובה</ManufacturerName><ManufactureCountry>ישראל</ManufactureCountry><ManufacturerItemDescription>פילה אמנון בואקום 5-7 לקג</ManufacturerItemDescription><SoldByWeight/><Quantity>1.00</Quantity><UnitOfMeasure>ק"ג</UnitOfMeasure><QtyInPackage>לא ידוע</QtyInPackage><UnitOfMeasurePrice>32.9000</UnitOfMeasurePrice><AllowDiscount>1</AllowDiscount><ItemStatus>1</ItemStatus><ItemPrice>32.90</ItemPrice></item><item><PriceUpdateDate>2016-01-04 21:32:06</PriceUpdateDate><ItemCode>7290000644783</ItemCode><ItemType>3</ItemType><ItemName>נתחי פילה סלמון קפוא</ItemName><ManufacturerName>דגי תנובה</ManufacturerName><ManufactureCountry>ישראל</ManufactureCountry><ManufacturerItemDescription>מנות סלמון בואקום לקג</ManufacturerItemDescription><SoldByWeight/><Quantity>1.00</Quantity><UnitOfMeasure>ק"ג</UnitOfMeasure><QtyInPackage>לא ידוע</QtyInPackage><UnitOfMeasurePrice>84.9000</UnitOfMeasurePrice><AllowDiscount>1</AllowDiscount><ItemStatus>1</ItemStatus><ItemPrice>84.90</ItemPrice></item><item><PriceUpdateDate>2016-01-04 21:32:07</PriceUpdateDate><ItemCode>7290000659312</ItemCode><ItemType>3</ItemType><ItemName>פילה סלמון תנובה</ItemName><ManufacturerName>דגי תנובה</ManufacturerName><ManufactureCountry>ישראל</ManufactureCountry><ManufacturerItemDescription>פילה סלמון בואקום</ManufacturerItemDescription><SoldByWeight/><Quantity>1.00</Quantity><UnitOfMeasure>ק"ג</UnitOfMeasure><QtyInPackage>לא ידוע</QtyInPackage><UnitOfMeasurePrice>69.9000</UnitOfMeasurePrice><AllowDiscount>1</AllowDiscount><ItemStatus>1</ItemStatus><ItemPrice>69.90</ItemPrice></item><item><PriceUpdateDate>2015-12-02 10:00:02</PriceUpdateDate><ItemCode>7290000684062</ItemCode><ItemType>1</ItemType><ItemName>מילוי גז  30</ItemName><ManufacturerName>לא ידוע</ManufacturerName><ManufactureCountry>ישראל</ManufactureCountry><ManufacturerItemDescription>מילוי גז  30</ManufacturerItemDescription><SoldByWeight/><Quantity>14.00</Quantity><UnitOfMeasure>בלון</UnitOfMeasure><QtyInPackage>לא ידוע</QtyInPackage><UnitOfMeasurePrice>2.5000</UnitOfMeasurePrice><AllowDiscount>1</AllowDiscount><ItemStatus>1</ItemStatus><ItemPrice>35.00</ItemPrice></item><item><PriceUpdateDate>2015-11-02 17:19:59</PriceUpdateDate><ItemCode>7290000688084</ItemCode><ItemType>1</ItemType><ItemName>מי עדן ספורט . 0.5 ל</ItemName><ManufacturerName>מי עדן</ManufacturerName><ManufactureCountry>ישראל</ManufactureCountry><ManufacturerItemDescription>מי עדן 1/2 ליטר ספורט</ManufacturerItemDescription><SoldByWeight/><Quantity>500.00</Quantity><UnitOfMeasure>מ"ל</UnitOfMeasure><QtyInPackage>לא ידוע</QtyInPackage><UnitOfMeasurePrice>0.0084</UnitOfMeasurePrice><AllowDiscount>1</AllowDiscount><ItemStatus>1</ItemStatus><ItemPrice>4.20</ItemPrice></item><item><PriceUpdateDate>2015-11-02 17:19:59</PriceUpdateDate><ItemCode>7290000688114</ItemCode><ItemType>1</ItemType><ItemName>מי עדן 1.5 ליטר</ItemName><ManufacturerName>מי עדן</ManufacturerName><ManufactureCountry>ישראל</ManufactureCountry><ManufacturerItemDescription>מי עדן 1.5 ליטר</ManufacturerItemDescription><SoldByWeight/><Quantity>1500.00</Quantity><UnitOfMeasure>מ"ל</UnitOfMeasure><QtyInPackage>לא ידוע</QtyInPackage><UnitOfMeasurePrice>0.0028</UnitOfMeasurePrice><AllowDiscount>1</AllowDiscount><ItemStatus>1</ItemStatus><ItemPrice>4.20</ItemPrice></item><item><PriceUpdateDate>2015-11-15 20:32:44</PriceUpdateDate><ItemCode>7290000688374</ItemCode><ItemType>1</ItemType><ItemName>מי עדן קטקטים 6 יח 2</ItemName><ManufacturerName>מי עדן</ManufacturerName><ManufactureCountry>ישראל</ManufactureCountry><ManufacturerItemDescription>מי עדן קטקטים 6 יח 2</ManufacturerItemDescription><SoldByWeight/><Quantity>1500.00</Quantity><UnitOfMeasure>מ"ל</UnitOfMeasure><QtyInPackage>לא ידוע</QtyInPackage><UnitOfMeasurePrice>0.0115</UnitOfMeasurePrice><AllowDiscount>1</AllowDiscount><ItemStatus>1</ItemStatus><ItemPrice>17.30</ItemPrice></item><item><PriceUpdateDate>2016-02-15 08:41:18</PriceUpdateDate><ItemCode>7290000688381</ItemCode><ItemType>1</ItemType><ItemName>מב מי עדן ספורט שישי</ItemName><ManufacturerName>מי עדן</ManufacturerName><ManufactureCountry>ישראל</ManufactureCountry><ManufacturerItemDescription>מי עדן 1/2 ליטר 1/6 אישי</ManufacturerItemDescription><SoldByWeight/><Quantity>3000.00</Quantity><UnitOfMeasure>מ"ל</UnitOfMeasure><QtyInPackage>לא ידוע</QtyInPackage><UnitOfMeasurePrice>0.0036</UnitOfMeasurePrice><AllowDiscount>1</AllowDiscount><ItemStatus>1</ItemStatus><ItemPrice>10.90</ItemPrice></item><item><PriceUpdateDate>2015-09-30 23:47:45</PriceUpdateDate><ItemCode>7290000688732</ItemCode><ItemType>1</ItemType><ItemName>מי עדן שישייה 1.5 לי</ItemName><ManufacturerName>מי עדן</ManufacturerName><ManufactureCountry>ישראל</ManufactureCountry><ManufacturerItemDescription>מי עדן 1.5 ל משפחתי שישיי</ManufacturerItemDescription><SoldByWeight/><Quantity>9000.00</Quantity><UnitOfMeasure>מ"ל</UnitOfMeasure><QtyInPackage>לא ידוע</QtyInPackage><UnitOfMeasurePrice>0.0012</UnitOfMeasurePrice><AllowDiscount>1</AllowDiscount><ItemStatus>1</ItemStatus><ItemPrice>10.90</ItemPrice></item><item><PriceUpdateDate>2016-05-01 12:05:41</PriceUpdateDate><ItemCode>7290000692210</ItemCode><ItemType>1</ItemType><ItemName>אג'קס נוזל לניקוי כל</ItemName><ManufacturerName>אג'קס</ManufacturerName><ManufactureCountry>יוון</ManufactureCountry><ManufacturerItemDescription>אג'קס ניקוי כללילבנדר 2ל</ManufacturerItemDescription><SoldByWeight/><Quantity>2000.00</Quantity><UnitOfMeasure>מ"ל</UnitOfMeasure><QtyInPackage>לא ידוע</QtyInPackage><UnitOfMeasurePrice>0.0151</UnitOfMeasurePrice><AllowDiscount>1</AllowDiscount><ItemStatus>1</ItemStatus><ItemPrice>30.20</ItemPrice></item><item><PriceUpdateDate>2016-04-07 07:57:17</PriceUpdateDate><ItemCode>7290000939995</ItemCode><ItemType>3</ItemType><ItemName>עוף טרי שלם</ItemName><ManufacturerName>לא ממותג</ManufacturerName><ManufactureCountry>ישראל</ManufactureCountry><ManufacturerItemDescription>עוף טרי שלם</ManufacturerItemDescription><SoldByWeight/><Quantity>1.00</Quantity><UnitOfMeasure>ק"ג</UnitOfMeasure><QtyInPackage>לא ידוע</QtyInPackage><UnitOfMeasurePrice>19.9000</UnitOfMeasurePrice><AllowDiscount>1</AllowDiscount><ItemStatus>1</ItemStatus><ItemPrice>19.90</ItemPrice></item><item><PriceUpdateDate>2016-04-22 07:57:33</PriceUpdateDate><ItemCode>7290000940014</ItemCode><ItemType>3</ItemType><ItemName>כרעיים עוף  טרי</ItemName><ManufacturerName>לא ממותג</ManufacturerName><ManufactureCountry>ישראל</ManufactureCountry><ManufacturerItemDescription>כרעיים עוף  טרי</ManufacturerItemDescription><SoldByWeight/><Quantity>1.00</Quantity><UnitOfMeasure>ק"ג</UnitOfMeasure><QtyInPackage>לא ידוע</QtyInPackage><UnitOfMeasurePrice>29.9000</UnitOfMeasurePrice><AllowDiscount>1</AllowDiscount><ItemStatus>1</ItemStatus><ItemPrice>29.90</ItemPrice></item><item><PriceUpdateDate>2015-08-05 07:00:35</PriceUpdateDate><ItemCode>7290000940021</ItemCode><ItemType>3</ItemType><ItemName>שוקיים טרי</ItemName><ManufacturerName>לא ממותג</ManufacturerName><ManufactureCountry>ישראל</ManufactureCountry><ManufacturerItemDescription>שוקיים טרי</ManufacturerItemDescription><SoldByWeight/><Quantity>1.00</Quantity><UnitOfMeasure>ק"ג</UnitOfMeasure><QtyInPackage>לא ידוע</QtyInPackage><UnitOfMeasurePrice>33.9000</UnitOfMeasurePrice><AllowDiscount>1</AllowDiscount><ItemStatus>1</ItemStatus><ItemPrice>33.90</ItemPrice></item><item><PriceUpdateDate>2014-12-01 06:28:47</PriceUpdateDate><ItemCode>7290000940038</ItemCode><ItemType>3</ItemType><ItemName>ירכיים עוף טרי</ItemName><ManufacturerName>לא ממותג</ManufacturerName><ManufactureCountry>ישראל</ManufactureCountry><ManufacturerItemDescription>ירכיים עוף טרי</ManufacturerItemDescription><SoldByWeight/><Quantity>1.00</Quantity><UnitOfMeasure>ק"ג</UnitOfMeasure><QtyInPackage>לא ידוע</QtyInPackage><UnitOfMeasurePrice>29.9000</UnitOfMeasurePrice><AllowDiscount>1</AllowDiscount><ItemStatus>1</ItemStatus><ItemPrice>29.90</ItemPrice></item><item><PriceUpdateDate>2015-11-23 09:20:18</PriceUpdateDate><ItemCode>7290000940045</ItemCode><ItemType>3</ItemType><ItemName>כנפיים עוף טרי</ItemName><ManufacturerName>לא ממותג</ManufacturerName><ManufactureCountry>ישראל</ManufactureCountry><ManufacturerItemDescription>כנפיים עוף טרי</ManufacturerItemDescription><SoldByWeight/><Quantity>1.00</Quantity><UnitOfMeasure>ק"ג</UnitOfMeasure><QtyInPackage>לא ידוע</QtyInPackage><UnitOfMeasurePrice>9.9000</UnitOfMeasurePrice><AllowDiscount>1</AllowDiscount><ItemStatus>1</ItemStatus><ItemPrice>9.90</ItemPrice></item><item><PriceUpdateDate>2015-12-01 07:19:11</PriceUpdateDate><ItemCode>7290000940052</ItemCode><ItemType>3</ItemType><ItemName>כבד עוף טרי לצליה</ItemName><ManufacturerName>לא ממותג</ManufacturerName><ManufactureCountry>ישראל</ManufactureCountry><ManufacturerItemDescription>כבד עוף טרי לצליה</ManufacturerItemDescription><SoldByWeight/><Quantity>1.00</Quantity><UnitOfMeasure>ק"ג</UnitOfMeasure><QtyInPackage>לא ידוע</QtyInPackage><UnitOfMeasurePrice>17.9000</UnitOfMeasurePrice><AllowDiscount>1</AllowDiscount><ItemStatus>1</ItemStatus><ItemPrice>17.90</ItemPrice></item><item><PriceUpdateDate>2016-04-22 07:57:33</PriceUpdateDate><ItemCode>7290000940076</ItemCode><ItemType>3</ItemType><ItemName>חזה עוף שלם טרי</ItemName><ManufacturerName>לא ממותג</ManufacturerName><ManufactureCountry>ישראל</ManufactureCountry><ManufacturerItemDescription>חזה עוף שלם טרי</ManufacturerItemDescription><SoldByWeight/><Quantity>1.00</Quantity><UnitOfMeasure>ק"ג</UnitOfMeasure><QtyInPackage>לא ידוע</QtyInPackage><UnitOfMeasurePrice>32.9000</UnitOfMeasurePrice><AllowDiscount>1</AllowDiscount><ItemStatus>1</ItemStatus><ItemPrice>32.90</ItemPrice></item><item><PriceUpdateDate>2016-04-22 07:57:33</PriceUpdateDate><ItemCode>7290000940083</ItemCode><ItemType>3</ItemType><ItemName>שניצל - חזה עוף פרוס</ItemName><ManufacturerName>לא ממותג</ManufacturerName><ManufactureCountry>ישראל</ManufactureCountry><ManufacturerItemDescription>שניצל - חזה עוף פרוס</ManufacturerItemDescription><SoldByWeight/><Quantity>1.00</Quantity><UnitOfMeasure>ק"ג</UnitOfMeasure><QtyInPackage>לא ידוע</QtyInPackage><UnitOfMeasurePrice>39.9000</UnitOfMeasurePrice><AllowDiscount>1</AllowDiscount><ItemStatus>1</ItemStatus><ItemPrice>39.90</ItemPrice></item><item><PriceUpdateDate>2014-12-01 06:28:47</PriceUpdateDate><ItemCode>7290000940236</ItemCode><ItemType>3</ItemType><ItemName>חזה בקר ללא ע. טרי</ItemName><ManufacturerName>לא ממותג</ManufacturerName><ManufactureCountry>ישראל</ManufactureCountry><ManufacturerItemDescription>חזה בקר ללא ע. טרי</ManufacturerItemDescription><SoldByWeight/><Quantity>1.00</Quantity><UnitOfMeasure>ק"ג</UnitOfMeasure><QtyInPackage>לא ידוע</QtyInPackage><UnitOfMeasurePrice>65.1000</UnitOfMeasurePrice><AllowDiscount>1</AllowDiscount><ItemStatus>1</ItemStatus><ItemPrice>65.10</ItemPrice></item><item><PriceUpdateDate>2015-12-29 06:32:22</PriceUpdateDate><ItemCode>7290000940281</ItemCode><ItemType>3</ItemType><ItemName>שריר בקר טרי פולין</ItemName><ManufacturerName>לא ממותג</ManufacturerName><ManufactureCountry>ישראל</ManufactureCountry><ManufacturerItemDescription>שריר בקר טרי פולין</ManufacturerItemDescription><SoldByWeight/><Quantity>1.00</Quantity><UnitOfMeasure>ק"ג</UnitOfMeasure><QtyInPackage>לא ידוע</QtyInPackage><UnitOfMeasurePrice>59.9000</UnitOfMeasurePrice><AllowDiscount>1</AllowDiscount><ItemStatus>1</ItemStatus><ItemPrice>59.90</ItemPrice></item><item><PriceUpdateDate>2016-01-04 21:32:07</PriceUpdateDate><ItemCode>7290000940304</ItemCode><ItemType>3</ItemType><ItemName>בשר טחון טרי  תנובה</ItemName><ManufacturerName>תנובה בקר טרי פולין</ManufacturerName><ManufactureCountry>ישראל</ManufactureCountry><ManufacturerItemDescription>בשר טחון טרי  תנובה</ManufacturerItemDescription><SoldByWeight/><Quantity>1.00</Quantity><UnitOfMeasure>ק"ג</UnitOfMeasure><QtyInPackage>לא ידוע</QtyInPackage><UnitOfMeasurePrice>54.9000</UnitOfMeasurePrice><AllowDiscount>1</AllowDiscount><ItemStatus>1</ItemStatus><ItemPrice>54.90</ItemPrice></item><item><PriceUpdateDate>2016-04-26 14:35:47</PriceUpdateDate><ItemCode>7290000940953</ItemCode><ItemType>3</ItemType><ItemName>חזה הודו טרי נקבה</ItemName><ManufacturerName>לא ממותג</ManufacturerName><ManufactureCountry>ישראל</ManufactureCountry><ManufacturerItemDescription>חזה הודו טרי נקבה</ManufacturerItemDescription><SoldByWeight/><Quantity>1.00</Quantity><UnitOfMeasure>ק"ג</UnitOfMeasure><QtyInPackage>לא ידוע</QtyInPackage><UnitOfMeasurePrice>29.9000</UnitOfMeasurePrice><AllowDiscount>1</AllowDiscount><ItemStatus>1</ItemStatus><ItemPrice>29.90</ItemPrice></item><item><PriceUpdateDate>2015-07-27 08:16:32</PriceUpdateDate><ItemCode>7290000940984</ItemCode><ItemType>3</ItemType><ItemName>שוק הודו טרי</ItemName><ManufacturerName>לא ממותג</ManufacturerName><ManufactureCountry>ישראל</ManufactureCountry><ManufacturerItemDescription>שוק הודו טרי</ManufacturerItemDescription><SoldByWeight/><Quantity>1.00</Quantity><UnitOfMeasure>ק"ג</UnitOfMeasure><QtyInPackage>לא ידוע</QtyInPackage><UnitOfMeasurePrice>24.9000</UnitOfMeasurePrice><AllowDiscount>1</AllowDiscount><ItemStatus>1</ItemStatus><ItemPrice>24.90</ItemPrice></item><item><PriceUpdateDate>2016-04-03 09:01:58</PriceUpdateDate><ItemCode>7290000941011</ItemCode><ItemType>3</ItemType><ItemName>כנפיים הודו טרי</ItemName><ManufacturerName>לא ממותג</ManufacturerName><ManufactureCountry>ישראל</ManufactureCountry><ManufacturerItemDescription>כנפיים הודו טרי</ManufacturerItemDescription><SoldByWeight/><Quantity>1.00</Quantity><UnitOfMeasure>ק"ג</UnitOfMeasure><QtyInPackage>לא ידוע</QtyInPackage><UnitOfMeasurePrice>14.9000</UnitOfMeasurePrice><AllowDiscount>1</AllowDiscount><ItemStatus>1</ItemStatus><ItemPrice>14.90</ItemPrice></item><item><PriceUpdateDate>2016-05-01 10:24:35</PriceUpdateDate><ItemCode>7290001012123</ItemCode><ItemType>1</ItemType><ItemName>מגבוני פרש וואנס קיי</ItemName><ManufacturerName>פרש וואנס</ManufacturerName><ManufactureCountry>ישראל</ManufactureCountry><ManufacturerItemDescription>פרש וואנס מגבונים רביעיה</ManufacturerItemDescription><SoldByWeight/><Quantity>1.00</Quantity><UnitOfMeasure>יח'</UnitOfMeasure><QtyInPackage>לא ידוע</QtyInPackage><UnitOfMeasurePrice>18.9000</UnitOfMeasurePrice><AllowDiscount>1</AllowDiscount><ItemStatus>1</ItemStatus><ItemPrice>18.90</ItemPrice></item><item><PriceUpdateDate>2016-03-29 07:10:50</PriceUpdateDate><ItemCode>7290001045169</ItemCode><ItemType>1</ItemType><ItemName>מיץ סחוט תפוחים 1 לי</ItemName><ManufacturerName>פרימור</ManufacturerName><ManufactureCountry>ישראל</ManufactureCountry><ManufacturerItemDescription>מיץ תפוחים צלול 1 ל</ManufacturerItemDescription><SoldByWeight/><Quantity>1000.00</Quantity><UnitOfMeasure>מ"ל</UnitOfMeasure><QtyInPackage>לא ידוע</QtyInPackage><UnitOfMeasurePrice>0.0152</UnitOfMeasurePrice><AllowDiscount>1</AllowDiscount><ItemStatus>1</ItemStatus><ItemPrice>15.20</ItemPrice></item><item><PriceUpdateDate>2016-05-01 12:05:43</PriceUpdateDate><ItemCode>7290001045220</ItemCode><ItemType>1</ItemType><ItemName>פרימור סחוט תפוזים 2</ItemName><ManufacturerName>פרימור</ManufacturerName><ManufactureCountry>ישראל</ManufactureCountry><ManufacturerItemDescription>מיץ תפוזים סחוט2 ל</ManufacturerItemDescription><SoldByWeight/><Quantity>2000.00</Quantity><UnitOfMeasure>מ"ל</UnitOfMeasure><QtyInPackage>לא ידוע</QtyInPackage><UnitOfMeasurePrice>0.0124</UnitOfMeasurePrice><AllowDiscount>1</AllowDiscount><ItemStatus>1</ItemStatus><ItemPrice>24.90</ItemPrice></item><item><PriceUpdateDate>2016-05-01 12:05:43</PriceUpdateDate><ItemCode>7290001045237</ItemCode><ItemType>1</ItemType><ItemName>פרימור סחוט לימונענע</ItemName><ManufacturerName>פרימור</ManufacturerName><ManufactureCountry>ישראל</ManufactureCountry><ManufacturerItemDescription>מיץ לימון עם נענע 2 ל</ManufacturerItemDescription><SoldByWeight/><Quantity>2000.00</Quantity><UnitOfMeasure>מ"ל</UnitOfMeasure><QtyInPackage>לא ידוע</QtyInPackage><UnitOfMeasurePrice>0.0124</UnitOfMeasurePrice><AllowDiscount>1</AllowDiscount><ItemStatus>1</ItemStatus><ItemPrice>24.90</ItemPrice></item><item><PriceUpdateDate>2016-03-09 07:33:15</PriceUpdateDate><ItemCode>7290001121238</ItemCode><ItemType>1</ItemType><ItemName>קורנדביף יחיעם 180 ג</ItemName><ManufacturerName>יחיעם</ManufacturerName><ManufactureCountry>ישראל</ManufactureCountry><ManufacturerItemDescription>קורנדביף 180 גרם</ManufacturerItemDescription><SoldByWeight/><Quantity>180.00</Quantity><UnitOfMeasure>גרם     </UnitOfMeasure><QtyInPackage>לא ידוע</QtyInPackage><UnitOfMeasurePrice>0.1494</UnitOfMeasurePrice><AllowDiscount>1</AllowDiscount><ItemStatus>1</ItemStatus><ItemPrice>26.90</ItemPrice></item><item><PriceUpdateDate>2016-03-29 07:10:50</PriceUpdateDate><ItemCode>7290001123775</ItemCode><ItemType>1</ItemType><ItemName>שווארמה פרגיות 500 ג</ItemName><ManufacturerName>טיבון ויל</ManufacturerName><ManufactureCountry>ישראל</ManufactureCountry><ManufacturerItemDescription>שווארמה פרגיות 500 גר</ManufacturerItemDescription><SoldByWeight/><Quantity>500.00</Quantity><UnitOfMeasure>גרם     </UnitOfMeasure><QtyInPackage>לא ידוע</QtyInPackage><UnitOfMeasurePrice>0.0598</UnitOfMeasurePrice><AllowDiscount>1</AllowDiscount><ItemStatus>1</ItemStatus><ItemPrice>29.90</ItemPrice></item><item><PriceUpdateDate>2016-03-16 14:01:02</PriceUpdateDate><ItemCode>7290001126172</ItemCode><ItemType>1</ItemType><ItemName>גולש עגל קפוא 800 גר</ItemName><ManufacturerName>טיבון ויל</ManufacturerName><ManufactureCountry>ישראל</ManufactureCountry><ManufacturerItemDescription>גולש עגל 800 גרם</ManufacturerItemDescription><SoldByWeight/><Quantity>800.00</Quantity><UnitOfMeasure>גרם     </UnitOfMeasure><QtyInPackage>לא ידוע</QtyInPackage><UnitOfMeasurePrice>0.0624</UnitOfMeasurePrice><AllowDiscount>1</AllowDiscount><ItemStatus>1</ItemStatus><ItemPrice>49.90</ItemPrice></item><item><PriceUpdateDate>2015-07-12 12:34:49</PriceUpdateDate><ItemCode>7290001230331</ItemCode><ItemType>1</ItemType><ItemName>ס.כאמל בוקס בודד</ItemName><ManufacturerName>קאמל</ManufacturerName><ManufactureCountry>ישראל</ManufactureCountry><ManufacturerItemDescription>ס.כאמל בוקס בודד</ManufacturerItemDescription><SoldByWeight/><Quantity>0.00</Quantity><UnitOfMeasure>יח'</UnitOfMeasure><QtyInPackage>לא ידוע</QtyInPackage><UnitOfMeasurePrice>0.0000</UnitOfMeasurePrice><AllowDiscount>1</AllowDiscount><ItemStatus>1</ItemStatus><ItemPrice>31.00</ItemPrice></item><item><PriceUpdateDate>2015-07-12 12:34:49</PriceUpdateDate><ItemCode>7290001230739</ItemCode><ItemType>1</ItemType><ItemName>ס.כאמל כחול בודד</ItemName><ManufacturerName>קאמל</ManufacturerName><ManufactureCountry>ישראל</ManufactureCountry><ManufacturerItemDescription>ס.כאמל כחול בודד</ManufacturerItemDescription><SoldByWeight/><Quantity>0.00</Quantity><UnitOfMeasure>יח'</UnitOfMeasure><QtyInPackage>לא ידוע</QtyInPackage><UnitOfMeasurePrice>0.0000</UnitOfMeasurePrice><AllowDiscount>1</AllowDiscount><ItemStatus>1</ItemStatus><ItemPrice>31.00</ItemPrice></item><item><PriceUpdateDate>2015-07-12 11:57:29</PriceUpdateDate><ItemCode>7290001231932</ItemCode><ItemType>1</ItemType><ItemName>ס.וינסטון לייט בודד</ItemName><ManufacturerName>וינסטון</ManufacturerName><ManufactureCountry>ישראל</ManufactureCountry><ManufacturerItemDescription>ס.וינסטון לייט בודד</ManufacturerItemDescription><SoldByWeight/><Quantity>0.00</Quantity><UnitOfMeasure>יח'</UnitOfMeasure><QtyInPackage>לא ידוע</QtyInPackage><UnitOfMeasurePrice>0.0000</UnitOfMeasurePrice><AllowDiscount>1</AllowDiscount><ItemStatus>1</ItemStatus><ItemPrice>31.00</ItemPrice></item><item><PriceUpdateDate>2016-05-01 12:05:44</PriceUpdateDate><ItemCode>7290001247068</ItemCode><ItemType>1</ItemType><ItemName>נקטר ספרינג תות בננה</ItemName><ManufacturerName>ספרינג</ManufacturerName><ManufactureCountry>ישראל</ManufactureCountry><ManufacturerItemDescription>ספרינג נקטר תות בננה 1 לק</ManufacturerItemDescription><SoldByWeight/><Quantity>1000.00</Quantity><UnitOfMeasure>מ"ל</UnitOfMeasure><QtyInPackage>לא ידוע</QtyInPackage><UnitOfMeasurePrice>0.0067</UnitOfMeasurePrice><AllowDiscount>1</AllowDiscount><ItemStatus>1</ItemStatus><ItemPrice>6.70</ItemPrice></item><item><PriceUpdateDate>2016-05-01 12:05:44</PriceUpdateDate><ItemCode>7290001247099</ItemCode><ItemType>1</ItemType><ItemName>נקטר ספרינג מנגו קרט</ItemName><ManufacturerName>ספרינג</ManufacturerName><ManufactureCountry>ישראל</ManufactureCountry><ManufacturerItemDescription>ספרינג נקטר מנגו 1 ל -קרט</ManufacturerItemDescription><SoldByWeight/><Quantity>1000.00</Quantity><UnitOfMeasure>מ"ל</UnitOfMeasure><QtyInPackage>לא ידוע</QtyInPackage><UnitOfMeasurePrice>0.0067</UnitOfMeasurePrice><AllowDiscount>1</AllowDiscount><ItemStatus>1</ItemStatus><ItemPrice>6.70</ItemPrice></item><item><PriceUpdateDate>2016-05-01 12:05:44</PriceUpdateDate><ItemCode>7290001247112</ItemCode><ItemType>1</ItemType><ItemName>נקטר ספרינג לימונים</ItemName><ManufacturerName>ספרינג</ManufacturerName><ManufactureCountry>ישראל</ManufactureCountry><ManufacturerItemDescription>ספרינג נקטר לימונים 1 ל-ק</ManufacturerItemDescription><SoldByWeight/><Quantity>1000.00</Quantity><UnitOfMeasure>מ"ל</UnitOfMeasure><QtyInPackage>לא ידוע</QtyInPackage><UnitOfMeasurePrice>0.0067</UnitOfMeasurePrice><AllowDiscount>1</AllowDiscount><ItemStatus>1</ItemStatus><ItemPrice>6.70</ItemPrice></item><item><PriceUpdateDate>2016-05-01 12:05:44</PriceUpdateDate><ItemCode>7290001247129</ItemCode><ItemType>1</ItemType><ItemName>נקטר ספרינג תפוזים ק</ItemName><ManufacturerName>ספרינג</ManufacturerName><ManufactureCountry>ישראל</ManufactureCountry><ManufacturerItemDescription>ספרינג נקטר תפוזים 1 ל-קר</ManufacturerItemDescription><SoldByWeight/><Quantity>1000.00</Quantity><UnitOfMeasure>מ"ל</UnitOfMeasure><QtyInPackage>לא ידוע</QtyInPackage><UnitOfMeasurePrice>0.0067</UnitOfMeasurePrice><AllowDiscount>1</AllowDiscount><ItemStatus>1</ItemStatus><ItemPrice>6.70</ItemPrice></item><item><PriceUpdateDate>2016-05-01 12:05:44</PriceUpdateDate><ItemCode>7290001247143</ItemCode><ItemType>1</ItemType><ItemName>נקטר ספרינג תפוחים ק</ItemName><ManufacturerName>ספרינג</ManufacturerName><ManufactureCountry>ישראל</ManufactureCountry><ManufacturerItemDescription>ספרינג נקטר תפוחים 1 ל קר</ManufacturerItemDescription><SoldByWeight/><Quantity>1000.00</Quantity><UnitOfMeasure>מ"ל</UnitOfMeasure><QtyInPackage>לא ידוע</QtyInPackage><UnitOfMeasurePrice>0.0067</UnitOfMeasurePrice><AllowDiscount>1</AllowDiscount><ItemStatus>1</ItemStatus><ItemPrice>6.70</ItemPrice></item><item><PriceUpdateDate>2016-03-01 07:13:18</PriceUpdateDate><ItemCode>7290001247952</ItemCode><ItemType>1</ItemType><ItemName>ענבינה. 1.5 ליטר</ItemName><ManufacturerName>תפוזינה</ManufacturerName><ManufactureCountry>ישראל</ManufactureCountry><ManufacturerItemDescription>תפוזינה ענבים 1.5 ליטר</ManufacturerItemDescription><SoldByWeight/><Quantity>1500.00</Quantity><UnitOfMeasure>מ"ל</UnitOfMeasure><QtyInPackage>לא ידוע</QtyInPackage><UnitOfMeasurePrice>0.0050</UnitOfMeasurePrice><AllowDiscount>1</AllowDiscount><ItemStatus>1</ItemStatus><ItemPrice>7.50</ItemPrice></item><item><PriceUpdateDate>2016-02-02 05:55:58</PriceUpdateDate><ItemCode>7290001305058</ItemCode><ItemType>1</ItemType><ItemName>מב סבון נוזלי פלמולי</ItemName><ManufacturerName>פלמוליב</ManufacturerName><ManufactureCountry>איטליה</ManufactureCountry><ManufacturerItemDescription>סנו משמיד עש    שם 2 יח'</ManufacturerItemDescription><SoldByWeight/><Quantity>500.00</Quantity><UnitOfMeasure>מ"ל</UnitOfMeasure><QtyInPackage>לא ידוע</QtyInPackage><UnitOfMeasurePrice>0.0298</UnitOfMeasurePrice><AllowDiscount>1</AllowDiscount><ItemStatus>1</ItemStatus><ItemPrice>14.90</ItemPrice></item><item><PriceUpdateDate>2016-03-29 07:28:29</PriceUpdateDate><ItemCode>7290001327180</ItemCode><ItemType>1</ItemType><ItemName>מב גלידות קרמיסימו ו</ItemName><ManufacturerName>קרמיסימו</ManufacturerName><ManufactureCountry>ישראל</ManufactureCountry><ManufacturerItemDescription>קרמיסימו וניל ציפס 1.33 ל</ManufacturerItemDescription><SoldByWeight/><Quantity>1330.00</Quantity><UnitOfMeasure>מ"ל</UnitOfMeasure><QtyInPackage>לא ידוע</QtyInPackage><UnitOfMeasurePrice>0.0142</UnitOfMeasurePrice><AllowDiscount>1</AllowDiscount><ItemStatus>1</ItemStatus><ItemPrice>18.90</ItemPrice></item><item><PriceUpdateDate>2016-03-29 07:28:29</PriceUpdateDate><ItemCode>7290001327197</ItemCode><ItemType>1</ItemType><ItemName>מב גלידות קרמיסימו ש</ItemName><ManufacturerName>קרמיסימו</ManufacturerName><ManufactureCountry>ישראל</ManufactureCountry><ManufacturerItemDescription>קרמיסימו שוקו וניל</ManufacturerItemDescription><SoldByWeight/><Quantity>1330.00</Quantity><UnitOfMeasure>מ"ל</UnitOfMeasure><QtyInPackage>לא ידוע</QtyInPackage><UnitOfMeasurePrice>0.0142</UnitOfMeasurePrice><AllowDiscount>1</AllowDiscount><ItemStatus>1</ItemStatus><ItemPrice>18.90</ItemPrice></item><item><PriceUpdateDate>2016-03-29 07:28:30</PriceUpdateDate><ItemCode>7290001327227</ItemCode><ItemType>1</ItemType><ItemName>מב גלידות קרמיסימו ר</ItemName><ManufacturerName>קרמיסימו</ManufacturerName><ManufactureCountry>ישראל</ManufactureCountry><ManufacturerItemDescription>קרמיסימו ריבת חלב</ManufacturerItemDescription><SoldByWeight/><Quantity>1330.00</Quantity><UnitOfMeasure>מ"ל</UnitOfMeasure><QtyInPackage>לא ידוע</QtyInPackage><UnitOfMeasurePrice>0.0142</UnitOfMeasurePrice><AllowDiscount>1</AllowDiscount><ItemStatus>1</ItemStatus><ItemPrice>18.90</ItemPrice></item><item><PriceUpdateDate>2016-03-29 07:28:30</PriceUpdateDate><ItemCode>7290001327357</ItemCode><ItemType>1</ItemType><ItemName>מב גלידות קרמיסימו ו</ItemName><ManufacturerName>קרמיסימו</ManufacturerName><ManufactureCountry>ישראל</ManufactureCountry><ManufacturerItemDescription>קרמיסימו וניל 1.33 ל</ManufacturerItemDescription><SoldByWeight/><Quantity>1330.00</Quantity><UnitOfMeasure>מ"ל</UnitOfMeasure><QtyInPackage>לא ידוע</QtyInPackage><UnitOfMeasurePrice>0.0142</UnitOfMeasurePrice><AllowDiscount>1</AllowDiscount><ItemStatus>1</ItemStatus><ItemPrice>18.90</ItemPrice></item><item><PriceUpdateDate>2016-05-01 12:05:45</PriceUpdateDate><ItemCode>7290001327838</ItemCode><ItemType>1</ItemType><ItemName>מאגדת מיני מגנום שוק</ItemName><ManufacturerName>מגנום-גלידה</ManufacturerName><ManufactureCountry>ישראל</ManufactureCountry><ManufacturerItemDescription>מאגדת מיני מגנום וניל</ManufacturerItemDescription><SoldByWeight/><Quantity>270.00</Quantity><UnitOfMeasure>גרם     </UnitOfMeasure><QtyInPackage>לא ידוע</QtyInPackage><UnitOfMeasurePrice>0.1107</UnitOfMeasurePrice><AllowDiscount>1</AllowDiscount><ItemStatus>1</ItemStatus><ItemPrice>29.90</ItemPrice></item><item><PriceUpdateDate>2016-05-01 12:05:46</PriceUpdateDate><ItemCode>7290001407127</ItemCode><ItemType>1</ItemType><ItemName>מב פרוסות חלבה קלאסי</ItemName><ManufacturerName>בארכה</ManufacturerName><ManufactureCountry>ישראל</ManufactureCountry><ManufacturerItemDescription>מב פרוסות חלבה קלאסי</ManufacturerItemDescription><SoldByWeight/><Quantity>400.00</Quantity><UnitOfMeasure>גרם     </UnitOfMeasure><QtyInPackage>לא ידוע</QtyInPackage><UnitOfMeasurePrice>0.0323</UnitOfMeasurePrice><AllowDiscount>1</AllowDiscount><ItemStatus>1</ItemStatus><ItemPrice>12.90</ItemPrice></item><item><PriceUpdateDate>2016-05-01 12:05:46</PriceUpdateDate><ItemCode>7290001407134</ItemCode><ItemType>1</ItemType><ItemName>מב פרוסות חלבה שוקו</ItemName><ManufacturerName>בארכה</ManufacturerName><ManufactureCountry>ישראל</ManufactureCountry><ManufacturerItemDescription>מב פרוסות חלבה שוקו</ManufacturerItemDescription><SoldByWeight/><Quantity>400.00</Quantity><UnitOfMeasure>גרם     </UnitOfMeasure><QtyInPackage>לא ידוע</QtyInPackage><UnitOfMeasurePrice>0.0323</UnitOfMeasurePrice><AllowDiscount>1</AllowDiscount><ItemStatus>1</ItemStatus><ItemPrice>12.90</ItemPrice></item><item><PriceUpdateDate>2015-10-14 10:41:05</PriceUpdateDate><ItemCode>7290001594155</ItemCode><ItemType>1</ItemType><ItemName>קוקה קולה 0.5 ליטר.</ItemName><ManufacturerName>קוקה קולה</ManufacturerName><ManufactureCountry>ישראל</ManufactureCountry><ManufacturerItemDescription>קוקה קולה500 מל</ManufacturerItemDescription><SoldByWeight/><Quantity>500.00</Quantity><UnitOfMeasure>מ"ל</UnitOfMeasure><QtyInPackage>לא ידוע</QtyInPackage><UnitOfMeasurePrice>0.0146</UnitOfMeasurePrice><AllowDiscount>1</AllowDiscount><ItemStatus>1</ItemStatus><ItemPrice>7.30</ItemPrice></item><item><PriceUpdateDate>2015-10-14 10:41:05</PriceUpdateDate><ItemCode>7290001594179</ItemCode><ItemType>1</ItemType><ItemName>פאנטה אורנג' 5 0 ליט</ItemName><ManufacturerName>פאנטה אורנג</ManufacturerName><ManufactureCountry>ישראל</ManufactureCountry><ManufacturerItemDescription>פאנטה אורנג 500 בקבוק</ManufacturerItemDescription><SoldByWeight/><Quantity>500.00</Quantity><UnitOfMeasure>מ"ל</UnitOfMeasure><QtyInPackage>לא ידוע</QtyInPackage><UnitOfMeasurePrice>0.0146</UnitOfMeasurePrice><AllowDiscount>1</AllowDiscount><ItemStatus>1</ItemStatus><ItemPrice>7.30</ItemPrice></item><item><PriceUpdateDate>2015-10-14 10:41:05</PriceUpdateDate><ItemCode>7290001594186</ItemCode><ItemType>1</ItemType><ItemName>קוקה קולה דיאט 0.5 ל</ItemName><ManufacturerName>דיאט קוקה קולה</ManufacturerName><ManufactureCountry>ישראל</ManufactureCountry><ManufacturerItemDescription>קוקה קולה דיאט500 מל</ManufacturerItemDescription><SoldByWeight/><Quantity>500.00</Quantity><UnitOfMeasure>מ"ל</UnitOfMeasure><QtyInPackage>לא ידוע</QtyInPackage><UnitOfMeasurePrice>0.0146</UnitOfMeasurePrice><AllowDiscount>1</AllowDiscount><ItemStatus>1</ItemStatus><ItemPrice>7.30</ItemPrice></item><item><PriceUpdateDate>2015-11-03 06:59:14</PriceUpdateDate><ItemCode>7290001670057</ItemCode><ItemType>1</ItemType><ItemName>מב כפיות חד פעמי לבן</ItemName><ManufacturerName>הנמל</ManufacturerName><ManufactureCountry>ישראל</ManufactureCountry><ManufacturerItemDescription>מב כפיות חד פעמי לבן</ManufacturerItemDescription><SoldByWeight/><Quantity>100.00</Quantity><UnitOfMeasure>בודד</UnitOfMeasure><QtyInPackage>לא ידוע</QtyInPackage><UnitOfMeasurePrice>0.0690</UnitOfMeasurePrice><AllowDiscount>1</AllowDiscount><ItemStatus>1</ItemStatus><ItemPrice>6.90</ItemPrice></item><item><PriceUpdateDate>2015-11-03 06:59:14</PriceUpdateDate><ItemCode>7290001670064</ItemCode><ItemType>1</ItemType><ItemName>מב סכין חד פעמי לבן</ItemName><ManufacturerName>הנמל</ManufacturerName><ManufactureCountry>ישראל</ManufactureCountry><ManufacturerItemDescription>מב סכין חד פעמי לבן</ManufacturerItemDescription><SoldByWeight/><Quantity>100.00</Quantity><UnitOfMeasure>בודד</UnitOfMeasure><QtyInPackage>לא ידוע</QtyInPackage><UnitOfMeasurePrice>0.0690</UnitOfMeasurePrice><AllowDiscount>1</AllowDiscount><ItemStatus>1</ItemStatus><ItemPrice>6.90</ItemPrice></item><item><PriceUpdateDate>2015-11-03 06:59:14</PriceUpdateDate><ItemCode>7290001670071</ItemCode><ItemType>1</ItemType><ItemName>מב כף חד פעמי לבן 10</ItemName><ManufacturerName>הנמל</ManufacturerName><ManufactureCountry>ישראל</ManufactureCountry><ManufacturerItemDescription>מב כף חד פעמי לבן 10</ManufacturerItemDescription><SoldByWeight/><Quantity>100.00</Quantity><UnitOfMeasure>בודד</UnitOfMeasure><QtyInPackage>לא ידוע</QtyInPackage><UnitOfMeasurePrice>0.0690</UnitOfMeasurePrice><AllowDiscount>1</AllowDiscount><ItemStatus>1</ItemStatus><ItemPrice>6.90</ItemPrice></item><item><PriceUpdateDate>2015-10-14 07:09:33</PriceUpdateDate><ItemCode>7290001670873</ItemCode><ItemType>1</ItemType><ItemName>צלחות חד פעמיותבמשקל</ItemName><ManufacturerName>הנמל</ManufacturerName><ManufactureCountry>ישראל</ManufactureCountry><ManufacturerItemDescription>צלחות ח.פ .קשיח 1 קג</ManufacturerItemDescription><SoldByWeight/><Quantity>66.00</Quantity><UnitOfMeasure>בודד</UnitOfMeasure><QtyInPackage>לא ידוע</QtyInPackage><UnitOfMeasurePrice>0.3636</UnitOfMeasurePrice><AllowDiscount>1</AllowDiscount><ItemStatus>1</ItemStatus><ItemPrice>24.00</ItemPrice></item><item><PriceUpdateDate>2016-03-01 06:44:26</PriceUpdateDate><ItemCode>7290001710043</ItemCode><ItemType>3</ItemType><ItemName>כבד בקר פרוס לצליה ק</ItemName><ManufacturerName>מעדני הטלה והעגל</ManufacturerName><ManufactureCountry>ישראל</ManufactureCountry><ManufacturerItemDescription>כבד בקר פרוס לצליה ק</ManufacturerItemDescription><SoldByWeight/><Quantity>1.00</Quantity><UnitOfMeasure>ק"ג</UnitOfMeasure><QtyInPackage>לא ידוע</QtyInPackage><UnitOfMeasurePrice>24.9000</UnitOfMeasurePrice><AllowDiscount>1</AllowDiscount><ItemStatus>1</ItemStatus><ItemPrice>24.90</ItemPrice></item><item><PriceUpdateDate>2015-11-15 20:35:09</PriceUpdateDate><ItemCode>7290001780138</ItemCode><ItemType>1</ItemType><ItemName>קראנץ' בציפוי שוקולד</ItemName><ManufacturerName>קראנץ-גלידה</ManufacturerName><ManufactureCountry>ישראל</ManufactureCountry><ManufacturerItemDescription>קראנץ</ManufacturerItemDescription><SoldByWeight/><Quantity>1.00</Quantity><UnitOfMeasure>יח'</UnitOfMeasure><QtyInPackage>לא ידוע</QtyInPackage><UnitOfMeasurePrice>8.9000</UnitOfMeasurePrice><AllowDiscount>1</AllowDiscount><ItemStatus>1</ItemStatus><ItemPrice>8.90</ItemPrice></item><item><PriceUpdateDate>2015-11-02 17:20:03</PriceUpdateDate><ItemCode>7290001780428</ItemCode><ItemType>1</ItemType><ItemName>מאגדת לייט שוקו 6 יח</ItemName><ManufacturerName>גלידות נסטלה לייט</ManufacturerName><ManufactureCountry>ישראל</ManufactureCountry><ManufacturerItemDescription>גלידיאט שוקו עם סירופ</ManufacturerItemDescription><SoldByWeight/><Quantity>312.00</Quantity><UnitOfMeasure>גרם     </UnitOfMeasure><QtyInPackage>לא ידוע</QtyInPackage><UnitOfMeasurePrice>0.1006</UnitOfMeasurePrice><AllowDiscount>1</AllowDiscount><ItemStatus>1</ItemStatus><ItemPrice>31.40</ItemPrice></item><item><PriceUpdateDate>2015-11-15 20:35:09</PriceUpdateDate><ItemCode>7290001780800</ItemCode><ItemType>1</ItemType><ItemName>קראנץ שוקולד ליבת נו</ItemName><ManufacturerName>קראנץ-גלידה</ManufacturerName><ManufactureCountry>ישראל</ManufactureCountry><ManufacturerItemDescription>קראנץ ליבת נוגט</ManufacturerItemDescription><SoldByWeight/><Quantity>1.00</Quantity><UnitOfMeasure>יח'</UnitOfMeasure><QtyInPackage>לא ידוע</QtyInPackage><UnitOfMeasurePrice>8.9000</UnitOfMeasurePrice><AllowDiscount>1</AllowDiscount><ItemStatus>1</ItemStatus><ItemPrice>8.90</ItemPrice></item><item><PriceUpdateDate>2016-03-29 07:10:51</PriceUpdateDate><ItemCode>7290001791349</ItemCode><ItemType>1</ItemType><ItemName>מב סנו אקונומיקה פיס</ItemName><ManufacturerName>פיסגה סנו</ManufacturerName><ManufactureCountry>ישראל</ManufactureCountry><ManufacturerItemDescription>מב סנו אקונומיקה פיס</ManufacturerItemDescription><SoldByWeight/><Quantity>4000.00</Quantity><UnitOfMeasure>מ"ל</UnitOfMeasure><QtyInPackage>לא ידוע</QtyInPackage><UnitOfMeasurePrice>0.0025</UnitOfMeasurePrice><AllowDiscount>1</AllowDiscount><ItemStatus>1</ItemStatus><ItemPrice>10.00</ItemPrice></item><item><PriceUpdateDate>2016-05-01 12:05:52</PriceUpdateDate><ItemCode>7290001814147</ItemCode><ItemType>1</ItemType><ItemName>ממרח פרה שוקולד 500</ItemName><ManufacturerName>פרה</ManufacturerName><ManufactureCountry>ישראל</ManufactureCountry><ManufacturerItemDescription>ממרח שוקולד פרה 500 גר</ManufacturerItemDescription><SoldByWeight/><Quantity>500.00</Quantity><UnitOfMeasure>גרם     </UnitOfMeasure><QtyInPackage>לא ידוע</QtyInPackage><UnitOfMeasurePrice>0.0278</UnitOfMeasurePrice><AllowDiscount>1</AllowDiscount><ItemStatus>1</ItemStatus><ItemPrice>13.90</ItemPrice></item><item><PriceUpdateDate>2015-10-11 14:22:47</PriceUpdateDate><ItemCode>7290001817377</ItemCode><ItemType>1</ItemType><ItemName>צ'יטוס פיצה 60 גרם</ItemName><ManufacturerName>צ'יטוס</ManufacturerName><ManufactureCountry>ישראל</ManufactureCountry><ManufacturerItemDescription>צ'יטוס פיצה 60 גרם</ManufacturerItemDescription><SoldByWeight/><Quantity>14.00</Quantity><UnitOfMeasure>גרם     </UnitOfMeasure><QtyInPackage>לא ידוע</QtyInPackage><UnitOfMeasurePrice>0.3071</UnitOfMeasurePrice><AllowDiscount>1</AllowDiscount><ItemStatus>1</ItemStatus><ItemPrice>4.30</ItemPrice></item><item><PriceUpdateDate>2015-10-11 14:22:47</PriceUpdateDate><ItemCode>7290001817728</ItemCode><ItemType>1</ItemType><ItemName>צ'יטוס כאפה קטשופ 55</ItemName><ManufacturerName>צ'יטוס</ManufacturerName><ManufactureCountry>ישראל</ManufactureCountry><ManufacturerItemDescription>צ'יטוס כאפה קטשופ 55</ManufacturerItemDescription><SoldByWeight/><Quantity>14.00</Quantity><UnitOfMeasure>גרם     </UnitOfMeasure><QtyInPackage>לא ידוע</QtyInPackage><UnitOfMeasurePrice>0.3071</UnitOfMeasurePrice><AllowDiscount>1</AllowDiscount><ItemStatus>1</ItemStatus><ItemPrice>4.30</ItemPrice></item><item><PriceUpdateDate>2016-05-01 12:05:53</PriceUpdateDate><ItemCode>7290001985311</ItemCode><ItemType>1</ItemType><ItemName>מאגדת מיני מגנום לבן</ItemName><ManufacturerName>מגנום-גלידה</ManufacturerName><ManufactureCountry>ישראל</ManufactureCountry><ManufacturerItemDescription>מאגדת מיני מאגנום שקדים</ManufacturerItemDescription><SoldByWeight/><Quantity>270.00</Quantity><UnitOfMeasure>גרם     </UnitOfMeasure><QtyInPackage>לא ידוע</QtyInPackage><UnitOfMeasurePrice>0.1107</UnitOfMeasurePrice><AllowDiscount>1</AllowDiscount><ItemStatus>1</ItemStatus><ItemPrice>29.90</ItemPrice></item><item><PriceUpdateDate>2015-06-15 06:32:14</PriceUpdateDate><ItemCode>7290001985502</ItemCode><ItemType>1</ItemType><ItemName>שלגון אבטיח שטראוס</ItemName><ManufacturerName>שטראוס גלידה</ManufacturerName><ManufactureCountry>ישראל</ManufactureCountry><ManufacturerItemDescription>שלגון אבטיח</ManufacturerItemDescription><SoldByWeight/><Quantity>0.00</Quantity><UnitOfMeasure>יח'</UnitOfMeasure><QtyInPackage>לא ידוע</QtyInPackage><UnitOfMeasurePrice>0.0000</UnitOfMeasurePrice><AllowDiscount>1</AllowDiscount><ItemStatus>1</ItemStatus><ItemPrice>4.90</ItemPrice></item><item><PriceUpdateDate>2016-01-04 21:30:29</PriceUpdateDate><ItemCode>7290001990094</ItemCode><ItemType>1</ItemType><ItemName>סוכר חום סוגת 1 ק"ג</ItemName><ManufacturerName>סוגת</ManufacturerName><ManufactureCountry>ישראל</ManufactureCountry><ManufacturerItemDescription>סוכר חום צנצנת 1 קג</ManufacturerItemDescription><SoldByWeight/><Quantity>1000.00</Quantity><UnitOfMeasure>גרם     </UnitOfMeasure><QtyInPackage>לא ידוע</QtyInPackage><UnitOfMeasurePrice>0.0150</UnitOfMeasurePrice><AllowDiscount>1</AllowDiscount><ItemStatus>1</ItemStatus><ItemPrice>15.00</ItemPrice></item><item><PriceUpdateDate>2015-11-15 20:35:09</PriceUpdateDate><ItemCode>7290001990117</ItemCode><ItemType>1</ItemType><ItemName>שומשום סוגת 100 גרם</ItemName><ManufacturerName>סוגת</ManufacturerName><ManufactureCountry>ישראל</ManufactureCountry><ManufacturerItemDescription>שומשום 100 גרם</ManufacturerItemDescription><SoldByWeight/><Quantity>100.00</Quantity><UnitOfMeasure>גרם     </UnitOfMeasure><QtyInPackage>לא ידוע</QtyInPackage><UnitOfMeasurePrice>0.0450</UnitOfMeasurePrice><AllowDiscount>1</AllowDiscount><ItemStatus>1</ItemStatus><ItemPrice>4.50</ItemPrice></item><item><PriceUpdateDate>2015-11-15 20:35:09</PriceUpdateDate><ItemCode>7290001990148</ItemCode><ItemType>1</ItemType><ItemName>סוכר גולדן קלאסי 1ק"</ItemName><ManufacturerName>סוגת</ManufacturerName><ManufactureCountry>ישראל</ManufactureCountry><ManufacturerItemDescription>סוכר גולדן קלאסי 1 קג</ManufacturerItemDescription><SoldByWeight/><Quantity>1000.00</Quantity><UnitOfMeasure>גרם     </UnitOfMeasure><QtyInPackage>לא ידוע</QtyInPackage><UnitOfMeasurePrice>0.0141</UnitOfMeasurePrice><AllowDiscount>1</AllowDiscount><ItemStatus>1</ItemStatus><ItemPrice>14.10</ItemPrice></item><item><PriceUpdateDate>2016-05-01 10:24:48</PriceUpdateDate><ItemCode>7290002000136</ItemCode><ItemType>1</ItemType><ItemName>מב שעווה למיקרו דבש</ItemName><ManufacturerName>מגע המשי</ManufacturerName><ManufactureCountry>ישראל</ManufactureCountry><ManufacturerItemDescription>שעווה למיקרו מגע משי הדבש</ManufacturerItemDescription><SoldByWeight/><Quantity>500.00</Quantity><UnitOfMeasure>גרם     </UnitOfMeasure><QtyInPackage>לא ידוע</QtyInPackage><UnitOfMeasurePrice>0.0358</UnitOfMeasurePrice><AllowDiscount>1</AllowDiscount><ItemStatus>1</ItemStatus><ItemPrice>17.90</ItemPrice></item><item><PriceUpdateDate>2014-12-01 06:28:16</PriceUpdateDate><ItemCode>7290002007005</ItemCode><ItemType>1</ItemType><ItemName>פרג טחון הנמל 100 גר</ItemName><ManufacturerName>הנמל</ManufacturerName><ManufactureCountry>ישראל</ManufactureCountry><ManufacturerItemDescription>פרג טחון100 גר</ManufacturerItemDescription><SoldByWeight/><Quantity>100.00</Quantity><UnitOfMeasure>גרם     </UnitOfMeasure><QtyInPackage>לא ידוע</QtyInPackage><UnitOfMeasurePrice>0.0750</UnitOfMeasurePrice><AllowDiscount>1</AllowDiscount><ItemStatus>1</ItemStatus><ItemPrice>7.50</ItemPrice></item><item><PriceUpdateDate>2014-12-01 06:28:16</PriceUpdateDate><ItemCode>7290002007036</ItemCode><ItemType>1</ItemType><ItemName>כוסמת 500 גרם</ItemName><ManufacturerName>לא ממותג</ManufacturerName><ManufactureCountry>ישראל</ManufactureCountry><ManufacturerItemDescription>כוסמת 500 גרם</ManufacturerItemDescription><SoldByWeight/><Quantity>500.00</Quantity><UnitOfMeasure>גרם     </UnitOfMeasure><QtyInPackage>לא ידוע</QtyInPackage><UnitOfMeasurePrice>0.0158</UnitOfMeasurePrice><AllowDiscount>1</AllowDiscount><ItemStatus>1</ItemStatus><ItemPrice>7.90</ItemPrice></item><item><PriceUpdateDate>2015-11-02 17:20:03</PriceUpdateDate><ItemCode>7290002007234</ItemCode><ItemType>1</ItemType><ItemName>אבקת סוכר הנמל 100 ג</ItemName><ManufacturerName>הנמל</ManufacturerName><ManufactureCountry>ישראל</ManufactureCountry><ManufacturerItemDescription>אבקת סוכר100 גר</ManufacturerItemDescription><SoldByWeight/><Quantity>100.00</Quantity><UnitOfMeasure>גרם     </UnitOfMeasure><QtyInPackage>לא ידוע</QtyInPackage><UnitOfMeasurePrice>0.0250</UnitOfMeasurePrice><AllowDiscount>1</AllowDiscount><ItemStatus>1</ItemStatus><ItemPrice>2.50</ItemPrice></item><item><PriceUpdateDate>2015-11-12 15:07:57</PriceUpdateDate><ItemCode>7290002007241</ItemCode><ItemType>1</ItemType><ItemName>סודה לשתיה הנמל 50 ג</ItemName><ManufacturerName>הנמל</ManufacturerName><ManufactureCountry>ישראל</ManufactureCountry><ManufacturerItemDescription>אבקת סודה לשתיה50 גר</ManufacturerItemDescription><SoldByWeight/><Quantity>14.00</Quantity><UnitOfMeasure>גרם     </UnitOfMeasure><QtyInPackage>לא ידוע</QtyInPackage><UnitOfMeasurePrice>0.1357</UnitOfMeasurePrice><AllowDiscount>1</AllowDiscount><ItemStatus>1</ItemStatus><ItemPrice>1.90</ItemPrice></item><item><PriceUpdateDate>2015-11-12 15:43:42</PriceUpdateDate><ItemCode>7290002007272</ItemCode><ItemType>1</ItemType><ItemName>משקה ענבים 330 מ"ל</ItemName><ManufacturerName>יאמי</ManufacturerName><ManufactureCountry>ישראל</ManufactureCountry><ManufacturerItemDescription>משקה ענבים 330 מ"ל</ManufacturerItemDescription><SoldByWeight/><Quantity>330.00</Quantity><UnitOfMeasure>מ"ל</UnitOfMeasure><QtyInPackage>לא ידוע</QtyInPackage><UnitOfMeasurePrice>0.0033</UnitOfMeasurePrice><AllowDiscount>1</AllowDiscount><ItemStatus>1</ItemStatus><ItemPrice>1.10</ItemPrice></item><item><PriceUpdateDate>2015-11-12 15:07:57</PriceUpdateDate><ItemCode>7290002007821</ItemCode><ItemType>1</ItemType><ItemName>צבע מאכל אדום 55 מ"ל</ItemName><ManufacturerName>הנמל</ManufacturerName><ManufactureCountry>ישראל</ManufactureCountry><ManufacturerItemDescription>צבע מאכל אדום 55 מ"ל</ManufacturerItemDescription><SoldByWeight/><Quantity>55.00</Quantity><UnitOfMeasure>מ"ל</UnitOfMeasure><QtyInPackage>לא ידוע</QtyInPackage><UnitOfMeasurePrice>0.0709</UnitOfMeasurePrice><AllowDiscount>1</AllowDiscount><ItemStatus>1</ItemStatus><ItemPrice>3.90</ItemPrice></item><item><PriceUpdateDate>2015-11-12 15:07:57</PriceUpdateDate><ItemCode>7290002007852</ItemCode><ItemType>1</ItemType><ItemName>תמציות אפיה וניל 55</ItemName><ManufacturerName>הנמל</ManufacturerName><ManufactureCountry>ישראל</ManufactureCountry><ManufacturerItemDescription>תמצית אפיה וניל55 מל</ManufacturerItemDescription><SoldByWeight/><Quantity>55.00</Quantity><UnitOfMeasure>מ"ל</UnitOfMeasure><QtyInPackage>לא ידוע</QtyInPackage><UnitOfMeasurePrice>0.0709</UnitOfMeasurePrice><AllowDiscount>1</AllowDiscount><ItemStatus>1</ItemStatus><ItemPrice>3.90</ItemPrice></item><item><PriceUpdateDate>2016-02-02 05:50:54</PriceUpdateDate><ItemCode>7290002007890</ItemCode><ItemType>1</ItemType><ItemName>כוסות חד פעמיות שקוף</ItemName><ManufacturerName>הנמל</ManufacturerName><ManufactureCountry>ישראל</ManufactureCountry><ManufacturerItemDescription>כוסות חד פעמיות שקוף</ManufacturerItemDescription><SoldByWeight/><Quantity>100.00</Quantity><UnitOfMeasure>בודד</UnitOfMeasure><QtyInPackage>לא ידוע</QtyInPackage><UnitOfMeasurePrice>0.0640</UnitOfMeasurePrice><AllowDiscount>0</AllowDiscount><ItemStatus>1</ItemStatus><ItemPrice>6.40</ItemPrice></item><item><PriceUpdateDate>2015-11-15 20:35:10</PriceUpdateDate><ItemCode>7290002007975</ItemCode><ItemType>1</ItemType><ItemName>צלחות חד פעמי קטנות</ItemName><ManufacturerName>הנמל</ManufacturerName><ManufactureCountry>ישראל</ManufactureCountry><ManufacturerItemDescription>צלחות חד פעמי קטנות</ManufacturerItemDescription><SoldByWeight/><Quantity>0.00</Quantity><UnitOfMeasure>יח'</UnitOfMeasure><QtyInPackage>לא ידוע</QtyInPackage><UnitOfMeasurePrice>0.0000</UnitOfMeasurePrice><AllowDiscount>1</AllowDiscount><ItemStatus>1</ItemStatus><ItemPrice>7.00</ItemPrice></item><item><PriceUpdateDate>2015-11-03 06:59:15</PriceUpdateDate><ItemCode>7290002007982</ItemCode><ItemType>1</ItemType><ItemName>מב מזלגות חד פעמיות</ItemName><ManufacturerName>הנמל</ManufacturerName><ManufactureCountry>ישראל</ManufactureCountry><ManufacturerItemDescription>מב מזלגות חד פעמיות</ManufacturerItemDescription><SoldByWeight/><Quantity>100.00</Quantity><UnitOfMeasure>בודד</UnitOfMeasure><QtyInPackage>לא ידוע</QtyInPackage><UnitOfMeasurePrice>0.0690</UnitOfMeasurePrice><AllowDiscount>1</AllowDiscount><ItemStatus>1</ItemStatus><ItemPrice>6.90</ItemPrice></item><item><PriceUpdateDate>2016-03-29 07:28:30</PriceUpdateDate><ItemCode>7290002008040</ItemCode><ItemType>1</ItemType><ItemName>מב שיפודי עץ במבוק 3</ItemName><ManufacturerName>הנמל</ManufacturerName><ManufactureCountry>ישראל</ManufactureCountry><ManufacturerItemDescription>שיפודי עץ30 סמ</ManufacturerItemDescription><SoldByWeight/><Quantity>0.00</Quantity><UnitOfMeasure>יח'</UnitOfMeasure><QtyInPackage>לא ידוע</QtyInPackage><UnitOfMeasurePrice>0.0000</UnitOfMeasurePrice><AllowDiscount>1</AllowDiscount><ItemStatus>1</ItemStatus><ItemPrice>2.50</ItemPrice></item><item><PriceUpdateDate>2015-11-12 15:07:58</PriceUpdateDate><ItemCode>7290002008057</ItemCode><ItemType>1</ItemType><ItemName>תמציות אפיהרום 55 מ"</ItemName><ManufacturerName>הנמל</ManufacturerName><ManufactureCountry>ישראל</ManufactureCountry><ManufacturerItemDescription>תמצית אפיה רום55 מל</ManufacturerItemDescription><SoldByWeight/><Quantity>55.00</Quantity><UnitOfMeasure>מ"ל</UnitOfMeasure><QtyInPackage>לא ידוע</QtyInPackage><UnitOfMeasurePrice>0.0709</UnitOfMeasurePrice><AllowDiscount>1</AllowDiscount><ItemStatus>1</ItemStatus><ItemPrice>3.90</ItemPrice></item><item><PriceUpdateDate>2015-11-15 20:35:10</PriceUpdateDate><ItemCode>7290002008187</ItemCode><ItemType>1</ItemType><ItemName>קש מתקפל צבעוני 40 י</ItemName><ManufacturerName>הנמל</ManufacturerName><ManufactureCountry>ישראל</ManufactureCountry><ManufacturerItemDescription>קש שתיה מתקפלים 40 יח</ManufacturerItemDescription><SoldByWeight/><Quantity>0.00</Quantity><UnitOfMeasure>יח'</UnitOfMeasure><QtyInPackage>לא ידוע</QtyInPackage><UnitOfMeasurePrice>0.0000</UnitOfMeasurePrice><AllowDiscount>1</AllowDiscount><ItemStatus>1</ItemStatus><ItemPrice>1.90</ItemPrice></item><item><PriceUpdateDate>2015-11-12 15:07:58</PriceUpdateDate><ItemCode>7290002008224</ItemCode><ItemType>1</ItemType><ItemName>מזרה סוכריות צבעוני</ItemName><ManufacturerName>הנמל</ManufacturerName><ManufactureCountry>ישראל</ManufactureCountry><ManufacturerItemDescription>סוכריות מזרה לעוגהעגולצבע</ManufacturerItemDescription><SoldByWeight/><Quantity>100.00</Quantity><UnitOfMeasure>גרם     </UnitOfMeasure><QtyInPackage>לא ידוע</QtyInPackage><UnitOfMeasurePrice>0.0540</UnitOfMeasurePrice><AllowDiscount>1</AllowDiscount><ItemStatus>1</ItemStatus><ItemPrice>5.40</ItemPrice></item><item><PriceUpdateDate>2014-12-01 06:28:17</PriceUpdateDate><ItemCode>7290002008309</ItemCode><ItemType>1</ItemType><ItemName>נייר עטרות מ''ס 4 10</ItemName><ManufacturerName>הנמל</ManufacturerName><ManufactureCountry>ישראל</ManufactureCountry><ManufacturerItemDescription>נייר עטרות מ''ס 4 10</ManufacturerItemDescription><SoldByWeight/><Quantity>0.00</Quantity><UnitOfMeasure>יח'</UnitOfMeasure><QtyInPackage>לא ידוע</QtyInPackage><UnitOfMeasurePrice>0.0000</UnitOfMeasurePrice><AllowDiscount>1</AllowDiscount><ItemStatus>1</ItemStatus><ItemPrice>5.70</ItemPrice></item><item><PriceUpdateDate>2014-12-01 06:28:17</PriceUpdateDate><ItemCode>7290002008439</ItemCode><ItemType>1</ItemType><ItemName>נייר לסנדויץ 100 יחי</ItemName><ManufacturerName>הנמל</ManufacturerName><ManufactureCountry>ישראל</ManufactureCountry><ManufacturerItemDescription>נייר לסנדויץ 100 יחי</ManufacturerItemDescription><SoldByWeight/><Quantity>0.00</Quantity><UnitOfMeasure>יח'</UnitOfMeasure><QtyInPackage>לא ידוע</QtyInPackage><UnitOfMeasurePrice>0.0000</UnitOfMeasurePrice><AllowDiscount>1</AllowDiscount><ItemStatus>1</ItemStatus><ItemPrice>6.70</ItemPrice></item><item><PriceUpdateDate>2014-12-01 06:28:17</PriceUpdateDate><ItemCode>7290002008460</ItemCode><ItemType>1</ItemType><ItemName>עטרות חום</ItemName><ManufacturerName>הנמל</ManufacturerName><ManufactureCountry>ישראל</ManufactureCountry><ManufacturerItemDescription>עטרות חום</ManufacturerItemDescription><SoldByWeight/><Quantity>0.00</Quantity><UnitOfMeasure>יח'</UnitOfMeasure><QtyInPackage>לא ידוע</QtyInPackage><UnitOfMeasurePrice>0.0000</UnitOfMeasurePrice><AllowDiscount>1</AllowDiscount><ItemStatus>1</ItemStatus><ItemPrice>4.70</ItemPrice></item><item><PriceUpdateDate>2016-03-16 14:01:02</PriceUpdateDate><ItemCode>7290002008507</ItemCode><ItemType>1</ItemType><ItemName>נייר אפיה 50יח</ItemName><ManufacturerName>הנמל</ManufacturerName><ManufactureCountry>ישראל</ManufactureCountry><ManufacturerItemDescription>נייר אפיה</ManufacturerItemDescription><SoldByWeight/><Quantity>0.00</Quantity><UnitOfMeasure>יח'</UnitOfMeasure><QtyInPackage>לא ידוע</QtyInPackage><UnitOfMeasurePrice>0.0000</UnitOfMeasurePrice><AllowDiscount>0</AllowDiscount><ItemStatus>1</ItemStatus><ItemPrice>9.90</ItemPrice></item><item><PriceUpdateDate>2015-11-02 17:20:04</PriceUpdateDate><ItemCode>7290002008743</ItemCode><ItemType>1</ItemType><ItemName>סוכר וניל 100 גרם</ItemName><ManufacturerName>הנמל</ManufacturerName><ManufactureCountry>ישראל</ManufactureCountry><ManufacturerItemDescription>סוכר וניל</ManufacturerItemDescription><SoldByWeight/><Quantity>100.00</Quantity><UnitOfMeasure>גרם     </UnitOfMeasure><QtyInPackage>לא ידוע</QtyInPackage><UnitOfMeasurePrice>0.0350</UnitOfMeasurePrice><AllowDiscount>1</AllowDiscount><ItemStatus>1</ItemStatus><ItemPrice>3.50</ItemPrice></item><item><PriceUpdateDate>2015-11-02 17:20:04</PriceUpdateDate><ItemCode>7290002008750</ItemCode><ItemType>1</ItemType><ItemName>אבקת אפיה 100 גרם</ItemName><ManufacturerName>מיה</ManufacturerName><ManufactureCountry>ישראל</ManufactureCountry><ManufacturerItemDescription>אבקת אפיה</ManufacturerItemDescription><SoldByWeight/><Quantity>100.00</Quantity><UnitOfMeasure>גרם     </UnitOfMeasure><QtyInPackage>לא ידוע</QtyInPackage><UnitOfMeasurePrice>0.0330</UnitOfMeasurePrice><AllowDiscount>1</AllowDiscount><ItemStatus>1</ItemStatus><ItemPrice>3.30</ItemPrice></item><item><PriceUpdateDate>2015-11-12 15:07:58</PriceUpdateDate><ItemCode>7290002008774</ItemCode><ItemType>1</ItemType><ItemName>שומשום 200 גרם</ItemName><ManufacturerName>הנמל</ManufacturerName><ManufactureCountry>ישראל</ManufactureCountry><ManufacturerItemDescription>שומשום 200 גרם</ManufacturerItemDescription><SoldByWeight/><Quantity>200.00</Quantity><UnitOfMeasure>גרם     </UnitOfMeasure><QtyInPackage>לא ידוע</QtyInPackage><UnitOfMeasurePrice>0.0355</UnitOfMeasurePrice><AllowDiscount>1</AllowDiscount><ItemStatus>1</ItemStatus><ItemPrice>7.10</ItemPrice></item><item><PriceUpdateDate>2015-11-12 15:07:58</PriceUpdateDate><ItemCode>7290002008927</ItemCode><ItemType>1</ItemType><ItemName>מזרה סוכריות 100 גרם</ItemName><ManufacturerName>הנמל</ManufacturerName><ManufactureCountry>ישראל</ManufactureCountry><ManufacturerItemDescription>מזרה סוכריות 100 גרם</ManufacturerItemDescription><SoldByWeight/><Quantity>100.00</Quantity><UnitOfMeasure>גרם     </UnitOfMeasure><QtyInPackage>לא ידוע</QtyInPackage><UnitOfMeasurePrice>0.0540</UnitOfMeasurePrice><AllowDiscount>1</AllowDiscount><ItemStatus>1</ItemStatus><ItemPrice>5.40</ItemPrice></item><item><PriceUpdateDate>2014-12-01 06:28:17</PriceUpdateDate><ItemCode>7290002008934</ItemCode><ItemType>1</ItemType><ItemName>סוכריות לעוגה ג'מבו</ItemName><ManufacturerName>פוליבה</ManufacturerName><ManufactureCountry>ישראל</ManufactureCountry><ManufacturerItemDescription>סוכריות לעוגה ג'מבו</ManufacturerItemDescription><SoldByWeight/><Quantity>0.00</Quantity><UnitOfMeasure>יח'</UnitOfMeasure><QtyInPackage>לא ידוע</QtyInPackage><UnitOfMeasurePrice>0.0000</UnitOfMeasurePrice><AllowDiscount>1</AllowDiscount><ItemStatus>1</ItemStatus><ItemPrice>9.00</ItemPrice></item><item><PriceUpdateDate>2015-11-15 20:35:10</PriceUpdateDate><ItemCode>7290002019763</ItemCode><ItemType>1</ItemType><ItemName>עגבניות מרוסקות 800</ItemName><ManufacturerName>לא ממותג</ManufacturerName><ManufactureCountry>ישראל</ManufactureCountry><ManufacturerItemDescription>עגבניות מרוסקות 800</ManufacturerItemDescription><SoldByWeight/><Quantity>800.00</Quantity><UnitOfMeasure>גרם     </UnitOfMeasure><QtyInPackage>לא ידוע</QtyInPackage><UnitOfMeasurePrice>0.0101</UnitOfMeasurePrice><AllowDiscount>1</AllowDiscount><ItemStatus>1</ItemStatus><ItemPrice>8.10</ItemPrice></item><item><PriceUpdateDate>2015-09-30 23:47:45</PriceUpdateDate><ItemCode>7290002019794</ItemCode><ItemType>1</ItemType><ItemName>רסק עגבניות  פרי ניר</ItemName><ManufacturerName>פרי ניר</ManufacturerName><ManufactureCountry>ישראל</ManufactureCountry><ManufacturerItemDescription>רסק עגבניות 100 22% גר</ManufacturerItemDescription><SoldByWeight/><Quantity>100.00</Quantity><UnitOfMeasure>גרם     </UnitOfMeasure><QtyInPackage>לא ידוע</QtyInPackage><UnitOfMeasurePrice>0.0190</UnitOfMeasurePrice><AllowDiscount>1</AllowDiscount><ItemStatus>1</ItemStatus><ItemPrice>1.90</ItemPrice></item><item><PriceUpdateDate>2016-05-01 12:05:53</PriceUpdateDate><ItemCode>7290002022046</ItemCode><ItemType>1</ItemType><ItemName>מרשמלו ורוד לבן 180</ItemName><ManufacturerName>כרמית</ManufacturerName><ManufactureCountry>ישראל</ManufactureCountry><ManufacturerItemDescription>מרשמלו מושי 180 גרם</ManufacturerItemDescription><SoldByWeight/><Quantity>180.00</Quantity><UnitOfMeasure>גרם     </UnitOfMeasure><QtyInPackage>לא ידוע</QtyInPackage><UnitOfMeasurePrice>0.0400</UnitOfMeasurePrice><AllowDiscount>1</AllowDiscount><ItemStatus>1</ItemStatus><ItemPrice>7.20</ItemPrice></item><item><PriceUpdateDate>2015-11-15 20:35:11</PriceUpdateDate><ItemCode>7290002050087</ItemCode><ItemType>1</ItemType><ItemName>שקד טבעי 170 גרם</ItemName><ManufacturerName>זארובי</ManufacturerName><ManufactureCountry>לא ידוע</ManufactureCountry><ManufacturerItemDescription>שקד טבעי 170 גרם</ManufacturerItemDescription><SoldByWeight/><Quantity>170.00</Quantity><UnitOfMeasure>גרם     </UnitOfMeasure><QtyInPackage>לא ידוע</QtyInPackage><UnitOfMeasurePrice>0.1253</UnitOfMeasurePrice><AllowDiscount>1</AllowDiscount><ItemStatus>1</ItemStatus><ItemPrice>21.30</ItemPrice></item><item><PriceUpdateDate>2015-11-15 20:35:11</PriceUpdateDate><ItemCode>7290002050407</ItemCode><ItemType>1</ItemType><ItemName>פפריקה מתוקה 500 גרם</ItemName><ManufacturerName>זארובי</ManufacturerName><ManufactureCountry>ישראל</ManufactureCountry><ManufacturerItemDescription>פפריקה מתוקה 500 גרם</ManufacturerItemDescription><SoldByWeight/><Quantity>500.00</Quantity><UnitOfMeasure>גרם     </UnitOfMeasure><QtyInPackage>לא ידוע</QtyInPackage><UnitOfMeasurePrice>0.0386</UnitOfMeasurePrice><AllowDiscount>1</AllowDiscount><ItemStatus>1</ItemStatus><ItemPrice>19.30</ItemPrice></item><item><PriceUpdateDate>2014-12-01 06:27:30</PriceUpdateDate><ItemCode>7290002077176</ItemCode><ItemType>3</ItemType><ItemName>נתחי פילה סלמון</ItemName><ManufacturerName>דלידג</ManufacturerName><ManufactureCountry>ישראל</ManufactureCountry><ManufacturerItemDescription>נתחי פילה סלמון</ManufacturerItemDescription><SoldByWeight/><Quantity>1.00</Quantity><UnitOfMeasure>ק"ג</UnitOfMeasure><QtyInPackage>לא ידוע</QtyInPackage><UnitOfMeasurePrice>69.9000</UnitOfMeasurePrice><AllowDiscount>1</AllowDiscount><ItemStatus>1</ItemStatus><ItemPrice>69.90</ItemPrice></item><item><PriceUpdateDate>2015-10-22 08:33:00</PriceUpdateDate><ItemCode>7290002107491</ItemCode><ItemType>1</ItemType><ItemName>גבינת עיזים טבעי 5%</ItemName><ManufacturerName>משק צוריאל</ManufacturerName><ManufactureCountry>ישראל</ManufactureCountry><ManufacturerItemDescription>גבינת עיזים 5% למריחה טעם</ManufacturerItemDescription><SoldByWeight/><Quantity>250.00</Quantity><UnitOfMeasure>מ"ל</UnitOfMeasure><QtyInPackage>לא ידוע</QtyInPackage><UnitOfMeasurePrice>0.0660</UnitOfMeasurePrice><AllowDiscount>1</AllowDiscount><ItemStatus>1</ItemStatus><ItemPrice>16.50</ItemPrice></item><item><PriceUpdateDate>2016-03-29 07:10:51</PriceUpdateDate><ItemCode>7290002107798</ItemCode><ItemType>1</ItemType><ItemName>צוריאל בולגרית מעודנ</ItemName><ManufacturerName>משק צוריאל</ManufacturerName><ManufactureCountry>ישראל</ManufactureCountry><ManufacturerItemDescription>גבינה בולגרית250 - 5% גר</ManufacturerItemDescription><SoldByWeight/><Quantity>250.00</Quantity><UnitOfMeasure>גרם     </UnitOfMeasure><QtyInPackage>לא ידוע</QtyInPackage><UnitOfMeasurePrice>0.0936</UnitOfMeasurePrice><AllowDiscount>1</AllowDiscount><ItemStatus>1</ItemStatus><ItemPrice>23.40</ItemPrice></item><item><PriceUpdateDate>2015-10-22 08:33:00</PriceUpdateDate><ItemCode>7290002107965</ItemCode><ItemType>1</ItemType><ItemName>גבינת טבורוג 500 גרם</ItemName><ManufacturerName>משק צוריאל</ManufacturerName><ManufactureCountry>ישראל</ManufactureCountry><ManufacturerItemDescription>גבינת טבורוג 500 גרם</ManufacturerItemDescription><SoldByWeight/><Quantity>500.00</Quantity><UnitOfMeasure>גרם     </UnitOfMeasure><QtyInPackage>לא ידוע</QtyInPackage><UnitOfMeasurePrice>0.0508</UnitOfMeasurePrice><AllowDiscount>1</AllowDiscount><ItemStatus>1</ItemStatus><ItemPrice>25.40</ItemPrice></item><item><PriceUpdateDate>2016-05-01 12:05:59</PriceUpdateDate><ItemCode>7290002130567</ItemCode><ItemType>1</ItemType><ItemName>דבש 350 גרם</ItemName><ManufacturerName>יד מרדכי</ManufacturerName><ManufactureCountry>ישראל</ManufactureCountry><ManufacturerItemDescription>דבש דבורים טהור350 גר</ManufacturerItemDescription><SoldByWeight/><Quantity>350.00</Quantity><UnitOfMeasure>גרם     </UnitOfMeasure><QtyInPackage>לא ידוע</QtyInPackage><UnitOfMeasurePrice>0.0569</UnitOfMeasurePrice><AllowDiscount>1</AllowDiscount><ItemStatus>1</ItemStatus><ItemPrice>19.90</ItemPrice></item><item><PriceUpdateDate>2015-10-22 07:14:26</PriceUpdateDate><ItemCode>7290002130581</ItemCode><ItemType>1</ItemType><ItemName>דבש 1 ק"ג</ItemName><ManufacturerName>יד מרדכי</ManufacturerName><ManufactureCountry>ישראל</ManufactureCountry><ManufacturerItemDescription>דבש 1 ק"ג</ManufacturerItemDescription><SoldByWeight/><Quantity>1000.00</Quantity><UnitOfMeasure>גרם     </UnitOfMeasure><QtyInPackage>לא ידוע</QtyInPackage><UnitOfMeasurePrice>0.0555</UnitOfMeasurePrice><AllowDiscount>1</AllowDiscount><ItemStatus>1</ItemStatus><ItemPrice>55.50</ItemPrice></item><item><PriceUpdateDate>2015-08-04 06:42:46</PriceUpdateDate><ItemCode>7290002133986</ItemCode><ItemType>3</ItemType><ItemName>חמאת עיזים במשקל</ItemName><ManufacturerName>מחלבת השומרון</ManufacturerName><ManufactureCountry>לא ידוע</ManufactureCountry><ManufacturerItemDescription>חמאת עיזים במשקל</ManufacturerItemDescription><SoldByWeight/><Quantity>1.00</Quantity><UnitOfMeasure>ק"ג</UnitOfMeasure><QtyInPackage>לא ידוע</QtyInPackage><UnitOfMeasurePrice>69.0000</UnitOfMeasurePrice><AllowDiscount>1</AllowDiscount><ItemStatus>1</ItemStatus><ItemPrice>69.00</ItemPrice></item><item><PriceUpdateDate>2016-01-01 07:27:30</PriceUpdateDate><ItemCode>7290002157342</ItemCode><ItemType>3</ItemType><ItemName>חזה בקר עגל טרי עטרה</ItemName><ManufacturerName>עטרה</ManufacturerName><ManufactureCountry>לא ידוע</ManufactureCountry><ManufacturerItemDescription>חזה בקר עגל טרי עטרה</ManufacturerItemDescription><SoldByWeight/><Quantity>1.00</Quantity><UnitOfMeasure>ק"ג</UnitOfMeasure><QtyInPackage>לא ידוע</QtyInPackage><UnitOfMeasurePrice>54.9000</UnitOfMeasurePrice><AllowDiscount>1</AllowDiscount><ItemStatus>1</ItemStatus><ItemPrice>54.90</ItemPrice></item><item><PriceUpdateDate>2015-12-16 06:44:37</PriceUpdateDate><ItemCode>7290002157397</ItemCode><ItemType>3</ItemType><ItemName>שריר הזרוע עגל טרי ע</ItemName><ManufacturerName>עטרה</ManufacturerName><ManufactureCountry>לא ידוע</ManufactureCountry><ManufacturerItemDescription>שריר הזרוע עגל טרי ע</ManufacturerItemDescription><SoldByWeight/><Quantity>1.00</Quantity><UnitOfMeasure>ק"ג</UnitOfMeasure><QtyInPackage>לא ידוע</QtyInPackage><UnitOfMeasurePrice>59.9000</UnitOfMeasurePrice><AllowDiscount>1</AllowDiscount><ItemStatus>1</ItemStatus><ItemPrice>59.90</ItemPrice></item><item><PriceUpdateDate>2016-03-01 07:13:19</PriceUpdateDate><ItemCode>7290002239185</ItemCode><ItemType>1</ItemType><ItemName>מב אפונה 800 גרם פרי</ItemName><ManufacturerName>פרי הגליל</ManufacturerName><ManufactureCountry>ישראל</ManufactureCountry><ManufacturerItemDescription>מב אפונה 800 גרם פרי</ManufacturerItemDescription><SoldByWeight/><Quantity>800.00</Quantity><UnitOfMeasure>גרם     </UnitOfMeasure><QtyInPackage>לא ידוע</QtyInPackage><UnitOfMeasurePrice>0.0124</UnitOfMeasurePrice><AllowDiscount>1</AllowDiscount><ItemStatus>1</ItemStatus><ItemPrice>9.90</ItemPrice></item><item><PriceUpdateDate>2016-05-03 07:12:16</PriceUpdateDate><ItemCode>7290002239277</ItemCode><ItemType>1</ItemType><ItemName>מב גזר גמדי 800 גרם</ItemName><ManufacturerName>פרי הגליל</ManufacturerName><ManufactureCountry>ישראל</ManufactureCountry><ManufacturerItemDescription>מב גזר גמדי 800 גרם</ManufacturerItemDescription><SoldByWeight/><Quantity>800.00</Quantity><UnitOfMeasure>גרם     </UnitOfMeasure><QtyInPackage>לא ידוע</QtyInPackage><UnitOfMeasurePrice>0.0124</UnitOfMeasurePrice><AllowDiscount>1</AllowDiscount><ItemStatus>1</ItemStatus><ItemPrice>9.90</ItemPrice></item><item><PriceUpdateDate>2016-03-01 07:13:19</PriceUpdateDate><ItemCode>7290002239338</ItemCode><ItemType>1</ItemType><ItemName>מב שעועית ירוקה חתוכ</ItemName><ManufacturerName>פרי הגליל</ManufacturerName><ManufactureCountry>ישראל</ManufactureCountry><ManufacturerItemDescription>מב שעועית ירוקה חתוכ</ManufacturerItemDescription><SoldByWeight/><Quantity>800.00</Quantity><UnitOfMeasure>גרם     </UnitOfMeasure><QtyInPackage>לא ידוע</QtyInPackage><UnitOfMeasurePrice>0.0124</UnitOfMeasurePrice><AllowDiscount>1</AllowDiscount><ItemStatus>1</ItemStatus><ItemPrice>9.90</ItemPrice></item><item><PriceUpdateDate>2015-11-15 20:35:11</PriceUpdateDate><ItemCode>7290002239369</ItemCode><ItemType>1</ItemType><ItemName>שעועית שלמה 800 גרם</ItemName><ManufacturerName>פרי הגליל</ManufacturerName><ManufactureCountry>ישראל</ManufactureCountry><ManufacturerItemDescription>שעועית שלמה 800 גרם</ManufacturerItemDescription><SoldByWeight/><Quantity>800.00</Quantity><UnitOfMeasure>גרם     </UnitOfMeasure><QtyInPackage>לא ידוע</QtyInPackage><UnitOfMeasurePrice>0.0202</UnitOfMeasurePrice><AllowDiscount>1</AllowDiscount><ItemStatus>1</ItemStatus><ItemPrice>16.20</ItemPrice></item><item><PriceUpdateDate>2016-03-16 14:01:02</PriceUpdateDate><ItemCode>7290002253006</ItemCode><ItemType>1</ItemType><ItemName>שום דורות בצנצנת 200</ItemName><ManufacturerName>דורות</ManufacturerName><ManufactureCountry>ישראל</ManufactureCountry><ManufacturerItemDescription>שום כתוש דורות בצנצנת 200</ManufacturerItemDescription><SoldByWeight/><Quantity>200.00</Quantity><UnitOfMeasure>גרם     </UnitOfMeasure><QtyInPackage>לא ידוע</QtyInPackage><UnitOfMeasurePrice>0.0745</UnitOfMeasurePrice><AllowDiscount>1</AllowDiscount><ItemStatus>1</ItemStatus><ItemPrice>14.90</ItemPrice></item><item><PriceUpdateDate>2016-05-01 12:06:01</PriceUpdateDate><ItemCode>7290002253105</ItemCode><ItemType>1</ItemType><ItemName>קוביות שום טרי במגשי</ItemName><ManufacturerName>דורות</ManufacturerName><ManufactureCountry>ישראל</ManufactureCountry><ManufacturerItemDescription>שום כתוש מגשית 80 גר</ManufacturerItemDescription><SoldByWeight/><Quantity>80.00</Quantity><UnitOfMeasure>גרם     </UnitOfMeasure><QtyInPackage>לא ידוע</QtyInPackage><UnitOfMeasurePrice>0.1613</UnitOfMeasurePrice><AllowDiscount>1</AllowDiscount><ItemStatus>1</ItemStatus><ItemPrice>12.90</ItemPrice></item><item><PriceUpdateDate>2016-05-01 12:06:01</PriceUpdateDate><ItemCode>7290002253167</ItemCode><ItemType>1</ItemType><ItemName>פטרוזיליה טרייה קצוצ</ItemName><ManufacturerName>דורות</ManufacturerName><ManufactureCountry>ישראל</ManufactureCountry><ManufacturerItemDescription>פטרוזיליה טרייה קצוצה 70</ManufacturerItemDescription><SoldByWeight/><Quantity>14.00</Quantity><UnitOfMeasure>גרם     </UnitOfMeasure><QtyInPackage>לא ידוע</QtyInPackage><UnitOfMeasurePrice>0.8214</UnitOfMeasurePrice><AllowDiscount>1</AllowDiscount><ItemStatus>1</ItemStatus><ItemPrice>11.50</ItemPrice></item><item><PriceUpdateDate>2016-05-01 12:06:02</PriceUpdateDate><ItemCode>7290002259640</ItemCode><ItemType>1</ItemType><ItemName>רדיד אלומניום עבה קצ</ItemName><ManufacturerName>דיימונד</ManufacturerName><ManufactureCountry>ישראל</ManufactureCountry><ManufacturerItemDescription>רדיד אלומיניום דימונד צר7</ManufacturerItemDescription><SoldByWeight/><Quantity>1.00</Quantity><UnitOfMeasure>יח'</UnitOfMeasure><QtyInPackage>לא ידוע</QtyInPackage><UnitOfMeasurePrice>12.2000</UnitOfMeasurePrice><AllowDiscount>0</AllowDiscount><ItemStatus>1</ItemStatus><ItemPrice>12.20</ItemPrice></item><item><PriceUpdateDate>2016-01-04 21:30:30</PriceUpdateDate><ItemCode>7290002319061</ItemCode><ItemType>1</ItemType><ItemName>קוקוס טחון 100 גרם</ItemName><ManufacturerName>מיה</ManufacturerName><ManufactureCountry>ישראל</ManufactureCountry><ManufacturerItemDescription>קוקוס טחון 100 גר     .בד</ManufacturerItemDescription><SoldByWeight/><Quantity>100.00</Quantity><UnitOfMeasure>גרם     </UnitOfMeasure><QtyInPackage>לא ידוע</QtyInPackage><UnitOfMeasurePrice>0.0400</UnitOfMeasurePrice><AllowDiscount>1</AllowDiscount><ItemStatus>1</ItemStatus><ItemPrice>4.00</ItemPrice></item><item><PriceUpdateDate>2015-08-18 06:57:53</PriceUpdateDate><ItemCode>7290002319115</ItemCode><ItemType>1</ItemType><ItemName>חומוס גדול 500 גרם</ItemName><ManufacturerName>מיה</ManufacturerName><ManufactureCountry>ישראל</ManufactureCountry><ManufacturerItemDescription>חומוס גדול500 גר</ManufacturerItemDescription><SoldByWeight/><Quantity>500.00</Quantity><UnitOfMeasure>גרם     </UnitOfMeasure><QtyInPackage>לא ידוע</QtyInPackage><UnitOfMeasurePrice>0.0154</UnitOfMeasurePrice><AllowDiscount>1</AllowDiscount><ItemStatus>1</ItemStatus><ItemPrice>7.70</ItemPrice></item><item><PriceUpdateDate>2015-11-15 20:35:12</PriceUpdateDate><ItemCode>7290002319740</ItemCode><ItemType>1</ItemType><ItemName>אגוזים טחונים מיה 10</ItemName><ManufacturerName>מיה</ManufacturerName><ManufactureCountry>ישראל</ManufactureCountry><ManufacturerItemDescription>אגוזים טחונים מיה 10</ManufacturerItemDescription><SoldByWeight/><Quantity>100.00</Quantity><UnitOfMeasure>גרם     </UnitOfMeasure><QtyInPackage>לא ידוע</QtyInPackage><UnitOfMeasurePrice>0.1380</UnitOfMeasurePrice><AllowDiscount>1</AllowDiscount><ItemStatus>1</ItemStatus><ItemPrice>13.80</ItemPrice></item><item><PriceUpdateDate>2016-03-16 13:06:21</PriceUpdateDate><ItemCode>7290002323198</ItemCode><ItemType>1</ItemType><ItemName>ספרינג 1.5 ליטר טעם</ItemName><ManufacturerName>ספרינג</ManufacturerName><ManufactureCountry>ישראל</ManufactureCountry><ManufacturerItemDescription>ספרינג מיץ תפוחים1.5 ל</ManufacturerItemDescription><SoldByWeight/><Quantity>1500.00</Quantity><UnitOfMeasure>מ"ל</UnitOfMeasure><QtyInPackage>לא ידוע</QtyInPackage><UnitOfMeasurePrice>0.0046</UnitOfMeasurePrice><AllowDiscount>1</AllowDiscount><ItemStatus>1</ItemStatus><ItemPrice>6.90</ItemPrice></item><item><PriceUpdateDate>2016-03-16 13:06:42</PriceUpdateDate><ItemCode>7290002323815</ItemCode><ItemType>1</ItemType><ItemName>קריסטל תפוזים 2 ליטר</ItemName><ManufacturerName>קריסטל משק"ל</ManufacturerName><ManufactureCountry>ישראל</ManufactureCountry><ManufacturerItemDescription>קריסטל תפוזים 2 ליטר</ManufacturerItemDescription><SoldByWeight/><Quantity>2000.00</Quantity><UnitOfMeasure>מ"ל</UnitOfMeasure><QtyInPackage>לא ידוע</QtyInPackage><UnitOfMeasurePrice>0.0019</UnitOfMeasurePrice><AllowDiscount>0</AllowDiscount><ItemStatus>1</ItemStatus><ItemPrice>3.90</ItemPrice></item><item><PriceUpdateDate>2015-11-15 20:32:44</PriceUpdateDate><ItemCode>7290002331025</ItemCode><ItemType>1</ItemType><ItemName>מים נביעות 0.5TO GO</ItemName><ManufacturerName>נביעות</ManufacturerName><ManufactureCountry>ישראל</ManufactureCountry><ManufacturerItemDescription>נביעות1/2 ל.ספורט</ManufacturerItemDescription><SoldByWeight/><Quantity>500.00</Quantity><UnitOfMeasure>מ"ל</UnitOfMeasure><QtyInPackage>לא ידוע</QtyInPackage><UnitOfMeasurePrice>0.0106</UnitOfMeasurePrice><AllowDiscount>1</AllowDiscount><ItemStatus>1</ItemStatus><ItemPrice>5.30</ItemPrice></item><item><PriceUpdateDate>2014-12-01 06:27:45</PriceUpdateDate><ItemCode>7290002331094</ItemCode><ItemType>1</ItemType><ItemName>בקבוק נביעות OG OT 7</ItemName><ManufacturerName>נביעות</ManufacturerName><ManufactureCountry>ישראל</ManufactureCountry><ManufacturerItemDescription>נביעות755 TO GO מל מים מי</ManufacturerItemDescription><SoldByWeight/><Quantity>755.00</Quantity><UnitOfMeasure>מ"ל</UnitOfMeasure><QtyInPackage>לא ידוע</QtyInPackage><UnitOfMeasurePrice>0.0078</UnitOfMeasurePrice><AllowDiscount>1</AllowDiscount><ItemStatus>1</ItemStatus><ItemPrice>5.90</ItemPrice></item><item><PriceUpdateDate>2016-03-01 07:13:19</PriceUpdateDate><ItemCode>7290002331148</ItemCode><ItemType>1</ItemType><ItemName>מים נביעות תפוח עדין</ItemName><ManufacturerName>נביעות</ManufacturerName><ManufactureCountry>ישראל</ManufactureCountry><ManufacturerItemDescription>נביעות +תפוח 1.5 ליטר</ManufacturerItemDescription><SoldByWeight/><Quantity>1500.00</Quantity><UnitOfMeasure>מ"ל</UnitOfMeasure><QtyInPackage>לא ידוע</QtyInPackage><UnitOfMeasurePrice>0.0058</UnitOfMeasurePrice><AllowDiscount>1</AllowDiscount><ItemStatus>1</ItemStatus><ItemPrice>8.70</ItemPrice></item><item><PriceUpdateDate>2015-11-02 17:20:06</PriceUpdateDate><ItemCode>7290002331162</ItemCode><ItemType>1</ItemType><ItemName>מים נביעות 1.5 ליטר</ItemName><ManufacturerName>נביעות</ManufacturerName><ManufactureCountry>ישראל</ManufactureCountry><ManufacturerItemDescription>נביעות1.5 ל .מים מינרלים</ManufacturerItemDescription><SoldByWeight/><Quantity>1500.00</Quantity><UnitOfMeasure>מ"ל</UnitOfMeasure><QtyInPackage>לא ידוע</QtyInPackage><UnitOfMeasurePrice>0.0028</UnitOfMeasurePrice><AllowDiscount>1</AllowDiscount><ItemStatus>1</ItemStatus><ItemPrice>4.20</ItemPrice></item><item><PriceUpdateDate>2016-03-01 07:13:20</PriceUpdateDate><ItemCode>7290002331179</ItemCode><ItemType>1</ItemType><ItemName>מיים נביעות אפרסק עד</ItemName><ManufacturerName>נביעות</ManufacturerName><ManufactureCountry>ישראל</ManufactureCountry><ManufacturerItemDescription>נביעות +אפרסק 1.5 ליטר</ManufacturerItemDescription><SoldByWeight/><Quantity>1500.00</Quantity><UnitOfMeasure>מ"ל</UnitOfMeasure><QtyInPackage>לא ידוע</QtyInPackage><UnitOfMeasurePrice>0.0058</UnitOfMeasurePrice><AllowDiscount>1</AllowDiscount><ItemStatus>1</ItemStatus><ItemPrice>8.70</ItemPrice></item><item><PriceUpdateDate>2016-02-02 05:50:55</PriceUpdateDate><ItemCode>7290002331322</ItemCode><ItemType>1</ItemType><ItemName>מב מים נביעות שישייה</ItemName><ManufacturerName>נביעות</ManufacturerName><ManufactureCountry>ישראל</ManufactureCountry><ManufacturerItemDescription>נביעות 1.5 1/6 מים מינרלי</ManufacturerItemDescription><SoldByWeight/><Quantity>9000.00</Quantity><UnitOfMeasure>מ"ל</UnitOfMeasure><QtyInPackage>לא ידוע</QtyInPackage><UnitOfMeasurePrice>0.0013</UnitOfMeasurePrice><AllowDiscount>1</AllowDiscount><ItemStatus>1</ItemStatus><ItemPrice>11.90</ItemPrice></item><item><PriceUpdateDate>2016-01-05 05:45:01</PriceUpdateDate><ItemCode>7290002331360</ItemCode><ItemType>1</ItemType><ItemName>מב נביעות חצי ליטר ש</ItemName><ManufacturerName>נביעות</ManufacturerName><ManufactureCountry>ישראל</ManufactureCountry><ManufacturerItemDescription>נביעות TO GO מל</ManufacturerItemDescription><SoldByWeight/><Quantity>3000.00</Quantity><UnitOfMeasure>מ"ל</UnitOfMeasure><QtyInPackage>לא ידוע</QtyInPackage><UnitOfMeasurePrice>0.0043</UnitOfMeasurePrice><AllowDiscount>1</AllowDiscount><ItemStatus>1</ItemStatus><ItemPrice>12.90</ItemPrice></item><item><PriceUpdateDate>2015-11-15 20:32:45</PriceUpdateDate><ItemCode>7290002331421</ItemCode><ItemType>1</ItemType><ItemName>מים נביעות TO GO שיש</ItemName><ManufacturerName>נביעות</ManufacturerName><ManufactureCountry>ישראל</ManufactureCountry><ManufacturerItemDescription>נביעות755 1/6 TO GO מל</ManufacturerItemDescription><SoldByWeight/><Quantity>4530.00</Quantity><UnitOfMeasure>מ"ל</UnitOfMeasure><QtyInPackage>לא ידוע</QtyInPackage><UnitOfMeasurePrice>0.0049</UnitOfMeasurePrice><AllowDiscount>1</AllowDiscount><ItemStatus>1</ItemStatus><ItemPrice>22.40</ItemPrice></item><item><PriceUpdateDate>2015-10-14 10:41:05</PriceUpdateDate><ItemCode>7290002331490</ItemCode><ItemType>1</ItemType><ItemName>נביעות 1 ליטר</ItemName><ManufacturerName>נביעות</ManufacturerName><ManufactureCountry>ישראל</ManufactureCountry><ManufacturerItemDescription>נביעות 1 ליטר</ManufacturerItemDescription><SoldByWeight/><Quantity>1000.00</Quantity><UnitOfMeasure>מ"ל</UnitOfMeasure><QtyInPackage>לא ידוע</QtyInPackage><UnitOfMeasurePrice>0.0036</UnitOfMeasurePrice><AllowDiscount>1</AllowDiscount><ItemStatus>1</ItemStatus><ItemPrice>3.60</ItemPrice></item><item><PriceUpdateDate>2016-05-01 12:06:06</PriceUpdateDate><ItemCode>7290002360216</ItemCode><ItemType>1</ItemType><ItemName>חרדל דיג'ון בורניה 3</ItemName><ManufacturerName>ברוניר</ManufacturerName><ManufactureCountry>צרפת</ManufactureCountry><ManufacturerItemDescription>חרדל דיזון בורנייר 370 גר</ManufacturerItemDescription><SoldByWeight/><Quantity>370.00</Quantity><UnitOfMeasure>גרם     </UnitOfMeasure><QtyInPackage>לא ידוע</QtyInPackage><UnitOfMeasurePrice>0.0357</UnitOfMeasurePrice><AllowDiscount>1</AllowDiscount><ItemStatus>1</ItemStatus><ItemPrice>13.20</ItemPrice></item><item><PriceUpdateDate>2016-05-01 12:06:06</PriceUpdateDate><ItemCode>7290002360230</ItemCode><ItemType>1</ItemType><ItemName>חרדל גרגרים 250 גרם</ItemName><ManufacturerName>ברוניר</ManufacturerName><ManufactureCountry>צרפת</ManufactureCountry><ManufacturerItemDescription>חרדל דיזון גרגירים 210 גר</ManufacturerItemDescription><SoldByWeight/><Quantity>250.00</Quantity><UnitOfMeasure>גרם     </UnitOfMeasure><QtyInPackage>לא ידוע</QtyInPackage><UnitOfMeasurePrice>0.0512</UnitOfMeasurePrice><AllowDiscount>1</AllowDiscount><ItemStatus>1</ItemStatus><ItemPrice>12.80</ItemPrice></item><item><PriceUpdateDate>2016-02-02 05:50:55</PriceUpdateDate><ItemCode>7290002371540</ItemCode><ItemType>1</ItemType><ItemName>נקניק קורנדביף 120 ג</ItemName><ManufacturerName>טירת צבי</ManufacturerName><ManufactureCountry>ישראל</ManufactureCountry><ManufacturerItemDescription>קורנדביף 120 גר</ManufacturerItemDescription><SoldByWeight/><Quantity>120.00</Quantity><UnitOfMeasure>גרם     </UnitOfMeasure><QtyInPackage>לא ידוע</QtyInPackage><UnitOfMeasurePrice>0.1325</UnitOfMeasurePrice><AllowDiscount>1</AllowDiscount><ItemStatus>1</ItemStatus><ItemPrice>15.90</ItemPrice></item><item><PriceUpdateDate>2015-12-28 12:23:19</PriceUpdateDate><ItemCode>7290002374312</ItemCode><ItemType>1</ItemType><ItemName>שמן קנולה מילומור 1</ItemName><ManufacturerName>מילומור</ManufacturerName><ManufactureCountry>ישראל</ManufactureCountry><ManufacturerItemDescription>שמן קנולה 6% מילומור1 ל</ManufacturerItemDescription><SoldByWeight/><Quantity>1000.00</Quantity><UnitOfMeasure>מ"ל</UnitOfMeasure><QtyInPackage>לא ידוע</QtyInPackage><UnitOfMeasurePrice>0.0099</UnitOfMeasurePrice><AllowDiscount>0</AllowDiscount><ItemStatus>1</ItemStatus><ItemPrice>9.90</ItemPrice></item><item><PriceUpdateDate>2015-11-02 17:20:06</PriceUpdateDate><ItemCode>7290002374329</ItemCode><ItemType>1</ItemType><ItemName>שמן קנולה מילומור 2</ItemName><ManufacturerName>מילומור</ManufacturerName><ManufactureCountry>ישראל</ManufactureCountry><ManufacturerItemDescription>שמן קנולה מילומור 2</ManufacturerItemDescription><SoldByWeight/><Quantity>2000.00</Quantity><UnitOfMeasure>מ"ל</UnitOfMeasure><QtyInPackage>לא ידוע</QtyInPackage><UnitOfMeasurePrice>0.0119</UnitOfMeasurePrice><AllowDiscount>1</AllowDiscount><ItemStatus>1</ItemStatus><ItemPrice>23.90</ItemPrice></item><item><PriceUpdateDate>2016-04-13 08:29:06</PriceUpdateDate><ItemCode>7290002410522</ItemCode><ItemType>3</ItemType><ItemName>מב דג בקלה צעיר</ItemName><ManufacturerName>מעדני הטלה והעגל</ManufacturerName><ManufactureCountry>ישראל</ManufactureCountry><ManufacturerItemDescription>מב דג בקלה צעיר</ManufacturerItemDescription><SoldByWeight/><Quantity>1.00</Quantity><UnitOfMeasure>ק"ג</UnitOfMeasure><QtyInPackage>לא ידוע</QtyInPackage><UnitOfMeasurePrice>17.9000</UnitOfMeasurePrice><AllowDiscount>1</AllowDiscount><ItemStatus>1</ItemStatus><ItemPrice>17.90</ItemPrice></item><item><PriceUpdateDate>2016-03-01 06:44:29</PriceUpdateDate><ItemCode>7290002410713</ItemCode><ItemType>1</ItemType><ItemName>קישקע 500 גרם מעדני</ItemName><ManufacturerName>מעדני הטלה והעגל</ManufacturerName><ManufactureCountry>ישראל</ManufactureCountry><ManufacturerItemDescription>קישקע 500 גרם מעדני</ManufacturerItemDescription><SoldByWeight/><Quantity>500.00</Quantity><UnitOfMeasure>גרם     </UnitOfMeasure><QtyInPackage>לא ידוע</QtyInPackage><UnitOfMeasurePrice>0.0298</UnitOfMeasurePrice><AllowDiscount>1</AllowDiscount><ItemStatus>1</ItemStatus><ItemPrice>14.90</ItemPrice></item><item><PriceUpdateDate>2015-10-18 19:09:44</PriceUpdateDate><ItemCode>7290002439189</ItemCode><ItemType>1</ItemType><ItemName>צהובה מגורדת "עלמה"</ItemName><ManufacturerName>"עלמה"</ManufacturerName><ManufactureCountry>ישראל</ManufactureCountry><ManufacturerItemDescription>צהובה מגורדת "עלמה"</ManufacturerItemDescription><SoldByWeight/><Quantity>500.00</Quantity><UnitOfMeasure>גרם     </UnitOfMeasure><QtyInPackage>לא ידוע</QtyInPackage><UnitOfMeasurePrice>0.0390</UnitOfMeasurePrice><AllowDiscount>1</AllowDiscount><ItemStatus>1</ItemStatus><ItemPrice>19.50</ItemPrice></item><item><PriceUpdateDate>2016-02-02 05:50:56</PriceUpdateDate><ItemCode>7290002439424</ItemCode><ItemType>1</ItemType><ItemName>פיצה אישית 100% גבינ</ItemName><ManufacturerName>נטו סחר</ManufacturerName><ManufactureCountry>לא ידוע</ManufactureCountry><ManufacturerItemDescription>פיצה אישית 100% גבינ</ManufacturerItemDescription><SoldByWeight/><Quantity>800.00</Quantity><UnitOfMeasure>גרם     </UnitOfMeasure><QtyInPackage>לא ידוע</QtyInPackage><UnitOfMeasurePrice>0.0317</UnitOfMeasurePrice><AllowDiscount>1</AllowDiscount><ItemStatus>1</ItemStatus><ItemPrice>25.40</ItemPrice></item><item><PriceUpdateDate>2016-03-29 07:10:52</PriceUpdateDate><ItemCode>7290002439455</ItemCode><ItemType>1</ItemType><ItemName>מב סירופ להכנת משקה</ItemName><ManufacturerName>לא ממותג</ManufacturerName><ManufactureCountry>לא ידוע</ManufactureCountry><ManufacturerItemDescription>מב סירופ להכנת משקה</ManufacturerItemDescription><SoldByWeight/><Quantity>750.00</Quantity><UnitOfMeasure>מ"ל</UnitOfMeasure><QtyInPackage>לא ידוע</QtyInPackage><UnitOfMeasurePrice>0.0212</UnitOfMeasurePrice><AllowDiscount>1</AllowDiscount><ItemStatus>1</ItemStatus><ItemPrice>15.90</ItemPrice></item><item><PriceUpdateDate>2015-11-12 16:02:02</PriceUpdateDate><ItemCode>7290002461098</ItemCode><ItemType>3</ItemType><ItemName>נסיכת נילוס פרוס במג</ItemName><ManufacturerName>מעדני הטלה והעגל</ManufacturerName><ManufactureCountry>ישראל</ManufactureCountry><ManufacturerItemDescription>נסיכת נילוס פרוס במג</ManufacturerItemDescription><SoldByWeight/><Quantity>1.00</Quantity><UnitOfMeasure>ק"ג</UnitOfMeasure><QtyInPackage>לא ידוע</QtyInPackage><UnitOfMeasurePrice>56.0000</UnitOfMeasurePrice><AllowDiscount>1</AllowDiscount><ItemStatus>1</ItemStatus><ItemPrice>56.00</ItemPrice></item><item><PriceUpdateDate>2016-03-29 07:28:31</PriceUpdateDate><ItemCode>7290002478041</ItemCode><ItemType>1</ItemType><ItemName>מב נקנקיות וינר  400</ItemName><ManufacturerName>מעדני הטלה והעגל</ManufacturerName><ManufactureCountry>ישראל</ManufactureCountry><ManufacturerItemDescription>מב נקנקיות וינר  400</ManufacturerItemDescription><SoldByWeight/><Quantity>500.00</Quantity><UnitOfMeasure>יח'</UnitOfMeasure><QtyInPackage>לא ידוע</QtyInPackage><UnitOfMeasurePrice>0.0158</UnitOfMeasurePrice><AllowDiscount>1</AllowDiscount><ItemStatus>1</ItemStatus><ItemPrice>7.90</ItemPrice></item><item><PriceUpdateDate>2016-03-29 07:28:31</PriceUpdateDate><ItemCode>7290002485025</ItemCode><ItemType>1</ItemType><ItemName>מב חומוס מסעדות 500</ItemName><ManufacturerName>סלטי שמיר</ManufacturerName><ManufactureCountry>ישראל</ManufactureCountry><ManufacturerItemDescription>חומוס מסעדות 500 גר</ManufacturerItemDescription><SoldByWeight/><Quantity>500.00</Quantity><UnitOfMeasure>גרם     </UnitOfMeasure><QtyInPackage>לא ידוע</QtyInPackage><UnitOfMeasurePrice>0.0200</UnitOfMeasurePrice><AllowDiscount>1</AllowDiscount><ItemStatus>1</ItemStatus><ItemPrice>10.00</ItemPrice></item><item><PriceUpdateDate>2015-11-15 20:35:13</PriceUpdateDate><ItemCode>7290002517580</ItemCode><ItemType>1</ItemType><ItemName>תערובת תיבול לעוף 10</ItemName><ManufacturerName>תבליני שוורץ</ManufacturerName><ManufactureCountry>ישראל</ManufactureCountry><ManufacturerItemDescription>תערובת תיבול לעוף 10</ManufacturerItemDescription><SoldByWeight/><Quantity>100.00</Quantity><UnitOfMeasure>גרם     </UnitOfMeasure><QtyInPackage>לא ידוע</QtyInPackage><UnitOfMeasurePrice>0.1280</UnitOfMeasurePrice><AllowDiscount>1</AllowDiscount><ItemStatus>1</ItemStatus><ItemPrice>12.80</ItemPrice></item><item><PriceUpdateDate>2015-10-14 10:32:17</PriceUpdateDate><ItemCode>7290002517733</ItemCode><ItemType>1</ItemType><ItemName>קצח 50 גרם</ItemName><ManufacturerName>תבליני טעם וריח</ManufacturerName><ManufactureCountry>ישראל</ManufactureCountry><ManufacturerItemDescription>קצח 50 גרם</ManufacturerItemDescription><SoldByWeight/><Quantity>14.00</Quantity><UnitOfMeasure>גרם     </UnitOfMeasure><QtyInPackage>לא ידוע</QtyInPackage><UnitOfMeasurePrice>0.5286</UnitOfMeasurePrice><AllowDiscount>1</AllowDiscount><ItemStatus>1</ItemStatus><ItemPrice>7.40</ItemPrice></item><item><PriceUpdateDate>2014-12-01 06:28:24</PriceUpdateDate><ItemCode>7290002517849</ItemCode><ItemType>1</ItemType><ItemName>שוום גבישי 50 גרם</ItemName><ManufacturerName>לא ידוע</ManufacturerName><ManufactureCountry>ישראל</ManufactureCountry><ManufacturerItemDescription>שום גבישי 50  גר</ManufacturerItemDescription><SoldByWeight/><Quantity>14.00</Quantity><UnitOfMeasure>גרם     </UnitOfMeasure><QtyInPackage>לא ידוע</QtyInPackage><UnitOfMeasurePrice>0.6929</UnitOfMeasurePrice><AllowDiscount>1</AllowDiscount><ItemStatus>1</ItemStatus><ItemPrice>9.70</ItemPrice></item><item><PriceUpdateDate>2014-12-01 06:28:24</PriceUpdateDate><ItemCode>7290002517856</ItemCode><ItemType>1</ItemType><ItemName>ציפורן שלם 25 גרם</ItemName><ManufacturerName>לא ממותג</ManufacturerName><ManufactureCountry>ישראל</ManufactureCountry><ManufacturerItemDescription>ציפורן שלם 25 גרם</ManufacturerItemDescription><SoldByWeight/><Quantity>14.00</Quantity><UnitOfMeasure>גרם     </UnitOfMeasure><QtyInPackage>לא ידוע</QtyInPackage><UnitOfMeasurePrice>0.7286</UnitOfMeasurePrice><AllowDiscount>1</AllowDiscount><ItemStatus>1</ItemStatus><ItemPrice>10.20</ItemPrice></item><item><PriceUpdateDate>2016-03-16 14:01:03</PriceUpdateDate><ItemCode>7290002541981</ItemCode><ItemType>1</ItemType><ItemName>חלב סויה אלפרו ללא ס</ItemName><ManufacturerName>אלפרו</ManufacturerName><ManufactureCountry>בלגיה</ManufactureCountry><ManufacturerItemDescription>משקה סויה       ספת סוכר</ManufacturerItemDescription><SoldByWeight/><Quantity>1000.00</Quantity><UnitOfMeasure>מ"ל</UnitOfMeasure><QtyInPackage>לא ידוע</QtyInPackage><UnitOfMeasurePrice>0.0129</UnitOfMeasurePrice><AllowDiscount>1</AllowDiscount><ItemStatus>1</ItemStatus><ItemPrice>12.90</ItemPrice></item><item><PriceUpdateDate>2016-03-16 14:01:03</PriceUpdateDate><ItemCode>7290002551003</ItemCode><ItemType>1</ItemType><ItemName>טונה סטארקיסט בשמן 1</ItemName><ManufacturerName>סטארקיסט</ManufacturerName><ManufactureCountry>ישראל</ManufactureCountry><ManufacturerItemDescription>טונה סטארקיסט בשמן160 גר</ManufacturerItemDescription><SoldByWeight/><Quantity>112.00</Quantity><UnitOfMeasure>גרם     </UnitOfMeasure><QtyInPackage>לא ידוע</QtyInPackage><UnitOfMeasurePrice>0.0616</UnitOfMeasurePrice><AllowDiscount>1</AllowDiscount><ItemStatus>1</ItemStatus><ItemPrice>6.90</ItemPrice></item><item><PriceUpdateDate>2016-03-16 14:01:03</PriceUpdateDate><ItemCode>7290002551010</ItemCode><ItemType>1</ItemType><ItemName>טונה סטארקיסט במים 1</ItemName><ManufacturerName>סטארקיסט</ManufacturerName><ManufactureCountry>ישראל</ManufactureCountry><ManufacturerItemDescription>טונה סטארקיסט במים160 גר</ManufacturerItemDescription><SoldByWeight/><Quantity>112.00</Quantity><UnitOfMeasure>גרם     </UnitOfMeasure><QtyInPackage>לא ידוע</QtyInPackage><UnitOfMeasurePrice>0.0616</UnitOfMeasurePrice><AllowDiscount>1</AllowDiscount><ItemStatus>1</ItemStatus><ItemPrice>6.90</ItemPrice></item><item><PriceUpdateDate>2016-03-01 06:44:29</PriceUpdateDate><ItemCode>7290002596752</ItemCode><ItemType>3</ItemType><ItemName>דג פילה זהבון ארוז</ItemName><ManufacturerName>מעדני הדג</ManufacturerName><ManufactureCountry>ישראל</ManufactureCountry><ManufacturerItemDescription>דג פילה זהבון ארוז</ManufacturerItemDescription><SoldByWeight/><Quantity>1.00</Quantity><UnitOfMeasure>ק"ג</UnitOfMeasure><QtyInPackage>לא ידוע</QtyInPackage><UnitOfMeasurePrice>22.9000</UnitOfMeasurePrice><AllowDiscount>1</AllowDiscount><ItemStatus>1</ItemStatus><ItemPrice>22.90</ItemPrice></item><item><PriceUpdateDate>2016-05-01 12:06:12</PriceUpdateDate><ItemCode>7290002628989</ItemCode><ItemType>1</ItemType><ItemName>נקניקיות מרגז בלדי 5</ItemName><ManufacturerName>בלדי</ManufacturerName><ManufactureCountry>ישראל</ManufactureCountry><ManufacturerItemDescription>נקניקיות מרגז 500 גרם</ManufacturerItemDescription><SoldByWeight/><Quantity>500.00</Quantity><UnitOfMeasure>גרם     </UnitOfMeasure><QtyInPackage>לא ידוע</QtyInPackage><UnitOfMeasurePrice>0.0498</UnitOfMeasurePrice><AllowDiscount>1</AllowDiscount><ItemStatus>1</ItemStatus><ItemPrice>24.90</ItemPrice></item><item><PriceUpdateDate>2016-04-14 07:20:41</PriceUpdateDate><ItemCode>7290002657866</ItemCode><ItemType>3</ItemType><ItemName>פילה אמנון מאיר עזרא</ItemName><ManufacturerName>דלידג</ManufacturerName><ManufactureCountry>ישראל</ManufactureCountry><ManufacturerItemDescription>פילה אמנון מאיר עזרא</ManufacturerItemDescription><SoldByWeight/><Quantity>1.00</Quantity><UnitOfMeasure>ק"ג</UnitOfMeasure><QtyInPackage>לא ידוע</QtyInPackage><UnitOfMeasurePrice>32.9000</UnitOfMeasurePrice><AllowDiscount>1</AllowDiscount><ItemStatus>1</ItemStatus><ItemPrice>32.90</ItemPrice></item><item><PriceUpdateDate>2016-03-01 07:13:21</PriceUpdateDate><ItemCode>7290002663539</ItemCode><ItemType>1</ItemType><ItemName>תפוזינה אשכוליות 1.5</ItemName><ManufacturerName>תפוזינה</ManufacturerName><ManufactureCountry>ישראל</ManufactureCountry><ManufacturerItemDescription>תפוזינה אשכולינה</ManufacturerItemDescription><SoldByWeight/><Quantity>1500.00</Quantity><UnitOfMeasure>מ"ל</UnitOfMeasure><QtyInPackage>לא ידוע</QtyInPackage><UnitOfMeasurePrice>0.0050</UnitOfMeasurePrice><AllowDiscount>1</AllowDiscount><ItemStatus>1</ItemStatus><ItemPrice>7.50</ItemPrice></item><item><PriceUpdateDate>2015-10-14 10:41:06</PriceUpdateDate><ItemCode>7290002663805</ItemCode><ItemType>1</ItemType><ItemName>שוופס טוניק 1.5 ליטר</ItemName><ManufacturerName>שוופס</ManufacturerName><ManufactureCountry>ישראל</ManufactureCountry><ManufacturerItemDescription>שוופס טוניק 1.5 ל</ManufacturerItemDescription><SoldByWeight/><Quantity>1500.00</Quantity><UnitOfMeasure>מ"ל</UnitOfMeasure><QtyInPackage>לא ידוע</QtyInPackage><UnitOfMeasurePrice>0.0075</UnitOfMeasurePrice><AllowDiscount>1</AllowDiscount><ItemStatus>1</ItemStatus><ItemPrice>11.20</ItemPrice></item><item><PriceUpdateDate>2015-10-14 10:41:06</PriceUpdateDate><ItemCode>7290002663829</ItemCode><ItemType>1</ItemType><ItemName>שוופס ביטר 1.5 ליטר</ItemName><ManufacturerName>שוופס</ManufacturerName><ManufactureCountry>ישראל</ManufactureCountry><ManufacturerItemDescription>שוופס ביטר 1.5 ל</ManufacturerItemDescription><SoldByWeight/><Quantity>1500.00</Quantity><UnitOfMeasure>מ"ל</UnitOfMeasure><QtyInPackage>לא ידוע</QtyInPackage><UnitOfMeasurePrice>0.0075</UnitOfMeasurePrice><AllowDiscount>1</AllowDiscount><ItemStatus>1</ItemStatus><ItemPrice>11.20</ItemPrice></item><item><PriceUpdateDate>2016-01-04 21:30:31</PriceUpdateDate><ItemCode>7290002674313</ItemCode><ItemType>1</ItemType><ItemName>משחת שיניים אקווה פר</ItemName><ManufacturerName>אקווה פרש</ManufacturerName><ManufactureCountry>ישראל</ManufactureCountry><ManufacturerItemDescription>א.פרש עדין 100 מל</ManufacturerItemDescription><SoldByWeight/><Quantity>100.00</Quantity><UnitOfMeasure>מ"ל</UnitOfMeasure><QtyInPackage>לא ידוע</QtyInPackage><UnitOfMeasurePrice>0.1140</UnitOfMeasurePrice><AllowDiscount>1</AllowDiscount><ItemStatus>1</ItemStatus><ItemPrice>11.40</ItemPrice></item><item><PriceUpdateDate>2016-01-04 21:30:31</PriceUpdateDate><ItemCode>7290002692393</ItemCode><ItemType>1</ItemType><ItemName>שמן קנולה עץ הזית מו</ItemName><ManufacturerName>עץ הזית</ManufacturerName><ManufactureCountry>ישראל</ManufactureCountry><ManufacturerItemDescription>שמן קנולה מועשר 1 ליטר</ManufacturerItemDescription><SoldByWeight/><Quantity>1000.00</Quantity><UnitOfMeasure>מ"ל</UnitOfMeasure><QtyInPackage>לא ידוע</QtyInPackage><UnitOfMeasurePrice>0.0165</UnitOfMeasurePrice><AllowDiscount>1</AllowDiscount><ItemStatus>1</ItemStatus><ItemPrice>16.50</ItemPrice></item><item><PriceUpdateDate>2016-03-29 07:10:52</PriceUpdateDate><ItemCode>7290002692478</ItemCode><ItemType>1</ItemType><ItemName>שמן זית כתית מעולה מ</ItemName><ManufacturerName>עץ הזית</ManufacturerName><ManufactureCountry>ישראל</ManufactureCountry><ManufacturerItemDescription>שמן זית כתית מעולה מ</ManufacturerItemDescription><SoldByWeight/><Quantity>750.00</Quantity><UnitOfMeasure>מ"ל</UnitOfMeasure><QtyInPackage>לא ידוע</QtyInPackage><UnitOfMeasurePrice>0.0617</UnitOfMeasurePrice><AllowDiscount>1</AllowDiscount><ItemStatus>1</ItemStatus><ItemPrice>46.30</ItemPrice></item><item><PriceUpdateDate>2016-02-17 06:20:37</PriceUpdateDate><ItemCode>7290002692553</ItemCode><ItemType>1</ItemType><ItemName>שמן זיתולה עץ הזית 7</ItemName><ManufacturerName>עץ הזית</ManufacturerName><ManufactureCountry>ישראל</ManufactureCountry><ManufacturerItemDescription>שמן זיתולה עץ הזית 750 מל</ManufacturerItemDescription><SoldByWeight/><Quantity>750.00</Quantity><UnitOfMeasure>מ"ל</UnitOfMeasure><QtyInPackage>לא ידוע</QtyInPackage><UnitOfMeasurePrice>0.0332</UnitOfMeasurePrice><AllowDiscount>1</AllowDiscount><ItemStatus>1</ItemStatus><ItemPrice>24.90</ItemPrice></item><item><PriceUpdateDate>2015-11-02 17:20:08</PriceUpdateDate><ItemCode>7290002703907</ItemCode><ItemType>1</ItemType><ItemName>דבש 250 גרם בקבוק לח</ItemName><ManufacturerName>"המותג"</ManufacturerName><ManufactureCountry>לא ידוע</ManufactureCountry><ManufacturerItemDescription>דבש 250 גרם בקבוק לח</ManufacturerItemDescription><SoldByWeight/><Quantity>250.00</Quantity><UnitOfMeasure>גרם     </UnitOfMeasure><QtyInPackage>לא ידוע</QtyInPackage><UnitOfMeasurePrice>0.0528</UnitOfMeasurePrice><AllowDiscount>1</AllowDiscount><ItemStatus>1</ItemStatus><ItemPrice>13.20</ItemPrice></item><item><PriceUpdateDate>2014-12-01 06:27:49</PriceUpdateDate><ItemCode>7290002730521</ItemCode><ItemType>1</ItemType><ItemName>בלונס צמרונים לאוזני</ItemName><ManufacturerName>בלונס</ManufacturerName><ManufactureCountry>יוון</ManufactureCountry><ManufacturerItemDescription>צמרוני אוזניים בלונס</ManufacturerItemDescription><SoldByWeight/><Quantity>200.00</Quantity><UnitOfMeasure>יח'</UnitOfMeasure><QtyInPackage>לא ידוע</QtyInPackage><UnitOfMeasurePrice>0.0365</UnitOfMeasurePrice><AllowDiscount>1</AllowDiscount><ItemStatus>1</ItemStatus><ItemPrice>7.30</ItemPrice></item><item><PriceUpdateDate>2016-03-16 14:01:03</PriceUpdateDate><ItemCode>7290002730675</ItemCode><ItemType>1</ItemType><ItemName>משחת שינים קולגייט א</ItemName><ManufacturerName>קולגייט</ManufacturerName><ManufactureCountry>פולין</ManufactureCountry><ManufacturerItemDescription>רולדת שוקולד    פה 350גר</ManufacturerItemDescription><SoldByWeight/><Quantity>100.00</Quantity><UnitOfMeasure>גרם     </UnitOfMeasure><QtyInPackage>לא ידוע</QtyInPackage><UnitOfMeasurePrice>0.1090</UnitOfMeasurePrice><AllowDiscount>0</AllowDiscount><ItemStatus>1</ItemStatus><ItemPrice>10.90</ItemPrice></item><item><PriceUpdateDate>2015-11-15 20:35:13</PriceUpdateDate><ItemCode>7290002768043</ItemCode><ItemType>1</ItemType><ItemName>תיאדנט מי פה+פלאוריד</ItemName><ManufacturerName>לא ידוע</ManufacturerName><ManufactureCountry>ישראל</ManufactureCountry><ManufacturerItemDescription>תיאדנט מי פה+פלאוריד</ManufacturerItemDescription><SoldByWeight/><Quantity>150.00</Quantity><UnitOfMeasure>מ"ל</UnitOfMeasure><QtyInPackage>לא ידוע</QtyInPackage><UnitOfMeasurePrice>0.1447</UnitOfMeasurePrice><AllowDiscount>1</AllowDiscount><ItemStatus>1</ItemStatus><ItemPrice>21.70</ItemPrice></item><item><PriceUpdateDate>2015-11-12 07:09:28</PriceUpdateDate><ItemCode>7290002771111</ItemCode><ItemType>1</ItemType><ItemName>קפה אל נחלה עם הל 25</ItemName><ManufacturerName>קפה נחלה רפיק</ManufacturerName><ManufactureCountry>ישראל</ManufactureCountry><ManufacturerItemDescription>קפה נחלה הל 250 גר</ManufacturerItemDescription><SoldByWeight/><Quantity>250.00</Quantity><UnitOfMeasure>גרם     </UnitOfMeasure><QtyInPackage>לא ידוע</QtyInPackage><UnitOfMeasurePrice>0.0772</UnitOfMeasurePrice><AllowDiscount>1</AllowDiscount><ItemStatus>1</ItemStatus><ItemPrice>19.30</ItemPrice></item><item><PriceUpdateDate>2015-11-15 20:35:14</PriceUpdateDate><ItemCode>7290002787167</ItemCode><ItemType>1</ItemType><ItemName>טונה ויליגר במים 140</ItemName><ManufacturerName>ויליגר</ManufacturerName><ManufactureCountry>ישראל</ManufactureCountry><ManufacturerItemDescription>טונה ויליגר במים 140</ManufacturerItemDescription><SoldByWeight/><Quantity>140.00</Quantity><UnitOfMeasure>גרם     </UnitOfMeasure><QtyInPackage>לא ידוע</QtyInPackage><UnitOfMeasurePrice>0.0507</UnitOfMeasurePrice><AllowDiscount>1</AllowDiscount><ItemStatus>1</ItemStatus><ItemPrice>7.10</ItemPrice></item><item><PriceUpdateDate>2015-02-05 06:32:05</PriceUpdateDate><ItemCode>7290002787396</ItemCode><ItemType>3</ItemType><ItemName>גבינה צהובה "עלמה" 2</ItemName><ManufacturerName>"עלמה"</ManufacturerName><ManufactureCountry>ישראל</ManufactureCountry><ManufacturerItemDescription>גבינה צהובה "עלמה" 2</ManufacturerItemDescription><SoldByWeight/><Quantity>1.00</Quantity><UnitOfMeasure>ק"ג</UnitOfMeasure><QtyInPackage>לא ידוע</QtyInPackage><UnitOfMeasurePrice>38.0000</UnitOfMeasurePrice><AllowDiscount>1</AllowDiscount><ItemStatus>1</ItemStatus><ItemPrice>38.00</ItemPrice></item><item><PriceUpdateDate>2016-03-01 07:13:22</PriceUpdateDate><ItemCode>7290002787693</ItemCode><ItemType>1</ItemType><ItemName>גבינת גאודה עלמה 150</ItemName><ManufacturerName>נטו סחר</ManufacturerName><ManufactureCountry>פולין</ManufactureCountry><ManufacturerItemDescription>כוס אימון לתינוקות טוליפ</ManufacturerItemDescription><SoldByWeight/><Quantity>150.00</Quantity><UnitOfMeasure>גרם     </UnitOfMeasure><QtyInPackage>לא ידוע</QtyInPackage><UnitOfMeasurePrice>0.0400</UnitOfMeasurePrice><AllowDiscount>1</AllowDiscount><ItemStatus>1</ItemStatus><ItemPrice>6.00</ItemPrice></item><item><PriceUpdateDate>2016-03-01 07:13:22</PriceUpdateDate><ItemCode>7290002787709</ItemCode><ItemType>1</ItemType><ItemName>גבינת אדם עלמה 150 ג</ItemName><ManufacturerName>נטו סחר</ManufacturerName><ManufactureCountry>פולין</ManufactureCountry><ManufacturerItemDescription>כוס ומכסה        יחידות</ManufacturerItemDescription><SoldByWeight/><Quantity>150.00</Quantity><UnitOfMeasure>גרם     </UnitOfMeasure><QtyInPackage>לא ידוע</QtyInPackage><UnitOfMeasurePrice>0.0400</UnitOfMeasurePrice><AllowDiscount>1</AllowDiscount><ItemStatus>1</ItemStatus><ItemPrice>6.00</ItemPrice></item><item><PriceUpdateDate>2016-03-01 07:13:22</PriceUpdateDate><ItemCode>7290002787822</ItemCode><ItemType>1</ItemType><ItemName>גבינת גאודה עלמה 400</ItemName><ManufacturerName>"עלמה"</ManufacturerName><ManufactureCountry>לא ידוע</ManufactureCountry><ManufacturerItemDescription>גבינת גאודה עלמה 400</ManufacturerItemDescription><SoldByWeight/><Quantity>400.00</Quantity><UnitOfMeasure>גרם     </UnitOfMeasure><QtyInPackage>לא ידוע</QtyInPackage><UnitOfMeasurePrice>0.0400</UnitOfMeasurePrice><AllowDiscount>1</AllowDiscount><ItemStatus>1</ItemStatus><ItemPrice>16.00</ItemPrice></item><item><PriceUpdateDate>2016-05-02 08:00:05</PriceUpdateDate><ItemCode>7290002812522</ItemCode><ItemType>1</ItemType><ItemName>ס.פרלמנט ארוך בודד</ItemName><ManufacturerName>פארלמנט</ManufacturerName><ManufactureCountry>ישראל</ManufactureCountry><ManufacturerItemDescription>ס.פרלמנט ארוך בודד</ManufacturerItemDescription><SoldByWeight/><Quantity>0.00</Quantity><UnitOfMeasure>יח'</UnitOfMeasure><QtyInPackage>לא ידוע</QtyInPackage><UnitOfMeasurePrice>0.0000</UnitOfMeasurePrice><AllowDiscount>1</AllowDiscount><ItemStatus>1</ItemStatus><ItemPrice>38.00</ItemPrice></item><item><PriceUpdateDate>2016-05-01 12:06:23</PriceUpdateDate><ItemCode>7290002814016</ItemCode><ItemType>1</ItemType><ItemName>סנט מוריץ מסיר שומני</ItemName><ManufacturerName>סנט מוריץ</ManufacturerName><ManufactureCountry>ישראל</ManufactureCountry><ManufacturerItemDescription>סנט מוריץ מסיר שומני</ManufacturerItemDescription><SoldByWeight/><Quantity>750.00</Quantity><UnitOfMeasure>מ"ל</UnitOfMeasure><QtyInPackage>לא ידוע</QtyInPackage><UnitOfMeasurePrice>0.0225</UnitOfMeasurePrice><AllowDiscount>1</AllowDiscount><ItemStatus>1</ItemStatus><ItemPrice>16.90</ItemPrice></item><item><PriceUpdateDate>2016-05-02 08:00:05</PriceUpdateDate><ItemCode>7290002814928</ItemCode><ItemType>1</ItemType><ItemName>ס.פרלמנט קצר בודד</ItemName><ManufacturerName>פארלמנט</ManufacturerName><ManufactureCountry>ישראל</ManufactureCountry><ManufacturerItemDescription>ס.פרלמנט קצר בודד</ManufacturerItemDescription><SoldByWeight/><Quantity>0.00</Quantity><UnitOfMeasure>יח'</UnitOfMeasure><QtyInPackage>לא ידוע</QtyInPackage><UnitOfMeasurePrice>0.0000</UnitOfMeasurePrice><AllowDiscount>1</AllowDiscount><ItemStatus>1</ItemStatus><ItemPrice>38.00</ItemPrice></item><item><PriceUpdateDate>2016-02-11 11:10:55</PriceUpdateDate><ItemCode>7290002824183</ItemCode><ItemType>1</ItemType><ItemName>גבינת סקי 5% 500 גרם</ItemName><ManufacturerName>שטראוס</ManufacturerName><ManufactureCountry>ישראל</ManufactureCountry><ManufacturerItemDescription>גבינה סקי 500 5% גרם</ManufacturerItemDescription><SoldByWeight/><Quantity>500.00</Quantity><UnitOfMeasure>גרם     </UnitOfMeasure><QtyInPackage>לא ידוע</QtyInPackage><UnitOfMeasurePrice>0.0184</UnitOfMeasurePrice><AllowDiscount>0</AllowDiscount><ItemStatus>1</ItemStatus><ItemPrice>9.20</ItemPrice></item><item><PriceUpdateDate>2015-10-13 11:27:34</PriceUpdateDate><ItemCode>7290002824466</ItemCode><ItemType>1</ItemType><ItemName>דנונה טבעי 0% 200 גר</ItemName><ManufacturerName>דנונה</ManufacturerName><ManufactureCountry>ישראל</ManufactureCountry><ManufacturerItemDescription>דנונה 200 -0% גרם</ManufacturerItemDescription><SoldByWeight/><Quantity>200.00</Quantity><UnitOfMeasure>גרם     </UnitOfMeasure><QtyInPackage>לא ידוע</QtyInPackage><UnitOfMeasurePrice>0.0200</UnitOfMeasurePrice><AllowDiscount>1</AllowDiscount><ItemStatus>1</ItemStatus><ItemPrice>4.00</ItemPrice></item><item><PriceUpdateDate>2016-02-11 11:10:55</PriceUpdateDate><ItemCode>7290002824640</ItemCode><ItemType>1</ItemType><ItemName>גבינת סקי 5% 250 גרם</ItemName><ManufacturerName>שטראוס</ManufacturerName><ManufactureCountry>ישראל</ManufactureCountry><ManufacturerItemDescription>גבינה סקי 250 5% גר   .פי</ManufacturerItemDescription><SoldByWeight/><Quantity>250.00</Quantity><UnitOfMeasure>גרם     </UnitOfMeasure><QtyInPackage>לא ידוע</QtyInPackage><UnitOfMeasurePrice>0.0184</UnitOfMeasurePrice><AllowDiscount>1</AllowDiscount><ItemStatus>1</ItemStatus><ItemPrice>4.60</ItemPrice></item><item><PriceUpdateDate>2016-05-08 10:32:14</PriceUpdateDate><ItemCode>7290002825692</ItemCode><ItemType>1</ItemType><ItemName>סלט חומוס אחלה 500 ג</ItemName><ManufacturerName>אחלה</ManufacturerName><ManufactureCountry>ישראל</ManufactureCountry><ManufacturerItemDescription>סלט 500חומוס אחלה</ManufacturerItemDescription><SoldByWeight/><Quantity>500.00</Quantity><UnitOfMeasure>גרם     </UnitOfMeasure><QtyInPackage>לא ידוע</QtyInPackage><UnitOfMeasurePrice>0.0190</UnitOfMeasurePrice><AllowDiscount>1</AllowDiscount><ItemStatus>1</ItemStatus><ItemPrice>9.50</ItemPrice></item><item><PriceUpdateDate>2016-03-24 07:05:52</PriceUpdateDate><ItemCode>7290002825722</ItemCode><ItemType>1</ItemType><ItemName>סלט כרוב אדום אחלה 5</ItemName><ManufacturerName>אחלה</ManufacturerName><ManufactureCountry>ישראל</ManufactureCountry><ManufacturerItemDescription>סלט 500כרוב אדום אחלה</ManufacturerItemDescription><SoldByWeight/><Quantity>500.00</Quantity><UnitOfMeasure>גרם     </UnitOfMeasure><QtyInPackage>לא ידוע</QtyInPackage><UnitOfMeasurePrice>0.0298</UnitOfMeasurePrice><AllowDiscount>1</AllowDiscount><ItemStatus>1</ItemStatus><ItemPrice>14.90</ItemPrice></item><item><PriceUpdateDate>2014-12-01 06:28:52</PriceUpdateDate><ItemCode>7290002826477</ItemCode><ItemType>1</ItemType><ItemName>בומבה וניל</ItemName><ManufacturerName>שטראוס גלידה</ManufacturerName><ManufactureCountry>ישראל</ManufactureCountry><ManufacturerItemDescription>שלגון בומבה</ManufacturerItemDescription><SoldByWeight/><Quantity>0.00</Quantity><UnitOfMeasure>יח'</UnitOfMeasure><QtyInPackage>לא ידוע</QtyInPackage><UnitOfMeasurePrice>0.0000</UnitOfMeasurePrice><AllowDiscount>1</AllowDiscount><ItemStatus>1</ItemStatus><ItemPrice>7.70</ItemPrice></item><item><PriceUpdateDate>2015-05-04 12:50:30</PriceUpdateDate><ItemCode>7290002826835</ItemCode><ItemType>1</ItemType><ItemName>שלגון שוקובו</ItemName><ManufacturerName>שוקובו</ManufacturerName><ManufactureCountry>ישראל</ManufactureCountry><ManufacturerItemDescription>שוקובו שוקולד</ManufacturerItemDescription><SoldByWeight/><Quantity>0.00</Quantity><UnitOfMeasure>יח'</UnitOfMeasure><QtyInPackage>לא ידוע</QtyInPackage><UnitOfMeasurePrice>0.0000</UnitOfMeasurePrice><AllowDiscount>1</AllowDiscount><ItemStatus>1</ItemStatus><ItemPrice>9.40</ItemPrice></item><item><PriceUpdateDate>2016-05-01 12:06:23</PriceUpdateDate><ItemCode>7290002830207</ItemCode><ItemType>1</ItemType><ItemName>גפילטע פיש דלידג 520</ItemName><ManufacturerName>לא ממותג</ManufacturerName><ManufactureCountry>ישראל</ManufactureCountry><ManufacturerItemDescription>גפילטע פיש בצנצנת 520 גרם</ManufacturerItemDescription><SoldByWeight/><Quantity>520.00</Quantity><UnitOfMeasure>גרם     </UnitOfMeasure><QtyInPackage>לא ידוע</QtyInPackage><UnitOfMeasurePrice>0.0306</UnitOfMeasurePrice><AllowDiscount>0</AllowDiscount><ItemStatus>1</ItemStatus><ItemPrice>15.90</ItemPrice></item><item><PriceUpdateDate>2016-05-02 08:00:05</PriceUpdateDate><ItemCode>7290002833525</ItemCode><ItemType>1</ItemType><ItemName>ס.מרלבורו רד קצר בוק</ItemName><ManufacturerName>מרלבורו</ManufacturerName><ManufactureCountry>ישראל</ManufactureCountry><ManufacturerItemDescription>ס.מרלבורו רד קצר בוק</ManufacturerItemDescription><SoldByWeight/><Quantity>0.00</Quantity><UnitOfMeasure>יח'</UnitOfMeasure><QtyInPackage>לא ידוע</QtyInPackage><UnitOfMeasurePrice>0.0000</UnitOfMeasurePrice><AllowDiscount>1</AllowDiscount><ItemStatus>1</ItemStatus><ItemPrice>35.00</ItemPrice></item><item><PriceUpdateDate>2016-05-02 08:00:05</PriceUpdateDate><ItemCode>7290002852724</ItemCode><ItemType>1</ItemType><ItemName>ס.אל אם בלו קצר בודד</ItemName><ManufacturerName>אל אם</ManufacturerName><ManufactureCountry>ישראל</ManufactureCountry><ManufacturerItemDescription>ס.אל אם בלו קצר בודד</ManufacturerItemDescription><SoldByWeight/><Quantity>0.00</Quantity><UnitOfMeasure>יח'</UnitOfMeasure><QtyInPackage>לא ידוע</QtyInPackage><UnitOfMeasurePrice>0.0000</UnitOfMeasurePrice><AllowDiscount>1</AllowDiscount><ItemStatus>1</ItemStatus><ItemPrice>32.00</ItemPrice></item><item><PriceUpdateDate>2016-05-02 08:00:06</PriceUpdateDate><ItemCode>7290002854528</ItemCode><ItemType>1</ItemType><ItemName>ס.אל אם רד קצר בודד</ItemName><ManufacturerName>אל אם</ManufacturerName><ManufactureCountry>ישראל</ManufactureCountry><ManufacturerItemDescription>ס.אל אם רד קצר בודד</ManufacturerItemDescription><SoldByWeight/><Quantity>0.00</Quantity><UnitOfMeasure>יח'</UnitOfMeasure><QtyInPackage>לא ידוע</QtyInPackage><UnitOfMeasurePrice>0.0000</UnitOfMeasurePrice><AllowDiscount>1</AllowDiscount><ItemStatus>1</ItemStatus><ItemPrice>32.00</ItemPrice></item><item><PriceUpdateDate>2015-10-22 08:33:00</PriceUpdateDate><ItemCode>7290002868446</ItemCode><ItemType>1</ItemType><ItemName>גבינה מותכת למריחה 1</ItemName><ManufacturerName>טרה</ManufacturerName><ManufactureCountry>ישראל</ManufactureCountry><ManufacturerItemDescription>גבינה מותכת למריחה 1</ManufacturerItemDescription><SoldByWeight/><Quantity>100.00</Quantity><UnitOfMeasure>גרם     </UnitOfMeasure><QtyInPackage>לא ידוע</QtyInPackage><UnitOfMeasurePrice>0.0710</UnitOfMeasurePrice><AllowDiscount>1</AllowDiscount><ItemStatus>1</ItemStatus><ItemPrice>7.10</ItemPrice></item><item><PriceUpdateDate>2015-11-13 10:56:33</PriceUpdateDate><ItemCode>7290002868996</ItemCode><ItemType>1</ItemType><ItemName>קוטג' 5% טרה 250 גרם</ItemName><ManufacturerName>טרה</ManufacturerName><ManufactureCountry>ישראל</ManufactureCountry><ManufacturerItemDescription>קוטג מועשר 250 5% גרם</ManufacturerItemDescription><SoldByWeight/><Quantity>250.00</Quantity><UnitOfMeasure>גרם     </UnitOfMeasure><QtyInPackage>לא ידוע</QtyInPackage><UnitOfMeasurePrice>0.0228</UnitOfMeasurePrice><AllowDiscount>1</AllowDiscount><ItemStatus>1</ItemStatus><ItemPrice>5.70</ItemPrice></item><item><PriceUpdateDate>2016-03-16 13:06:42</PriceUpdateDate><ItemCode>7290002871446</ItemCode><ItemType>1</ItemType><ItemName>מיץ פריגת ענבים 1.5</ItemName><ManufacturerName>פריגת</ManufacturerName><ManufactureCountry>ישראל</ManufactureCountry><ManufacturerItemDescription>משקל פריגת ענבים</ManufacturerItemDescription><SoldByWeight/><Quantity>1500.00</Quantity><UnitOfMeasure>מ"ל</UnitOfMeasure><QtyInPackage>לא ידוע</QtyInPackage><UnitOfMeasurePrice>0.0046</UnitOfMeasurePrice><AllowDiscount>0</AllowDiscount><ItemStatus>1</ItemStatus><ItemPrice>6.90</ItemPrice></item><item><PriceUpdateDate>2016-03-16 13:06:42</PriceUpdateDate><ItemCode>7290002871477</ItemCode><ItemType>1</ItemType><ItemName>מיץ פריגת אשכוליות 1</ItemName><ManufacturerName>פריגת</ManufacturerName><ManufactureCountry>ישראל</ManufactureCountry><ManufacturerItemDescription>משקל פריגת אשכוליות</ManufacturerItemDescription><SoldByWeight/><Quantity>1500.00</Quantity><UnitOfMeasure>מ"ל</UnitOfMeasure><QtyInPackage>לא ידוע</QtyInPackage><UnitOfMeasurePrice>0.0046</UnitOfMeasurePrice><AllowDiscount>0</AllowDiscount><ItemStatus>1</ItemStatus><ItemPrice>6.90</ItemPrice></item><item><PriceUpdateDate>2016-03-16 13:06:42</PriceUpdateDate><ItemCode>7290002871484</ItemCode><ItemType>1</ItemType><ItemName>מיץ פריגת תפוזים דיא</ItemName><ManufacturerName>פריגת</ManufacturerName><ManufactureCountry>ישראל</ManufactureCountry><ManufacturerItemDescription>משקל פריגת דיאט תפוזים</ManufacturerItemDescription><SoldByWeight/><Quantity>1500.00</Quantity><UnitOfMeasure>מ"ל</UnitOfMeasure><QtyInPackage>לא ידוע</QtyInPackage><UnitOfMeasurePrice>0.0046</UnitOfMeasurePrice><AllowDiscount>0</AllowDiscount><ItemStatus>1</ItemStatus><ItemPrice>6.90</ItemPrice></item><item><PriceUpdateDate>2016-05-02 08:00:06</PriceUpdateDate><ItemCode>7290002874629</ItemCode><ItemType>1</ItemType><ItemName>ס.פרלמנט ארוך בלו בו</ItemName><ManufacturerName>פארלמנט</ManufacturerName><ManufactureCountry>ישראל</ManufactureCountry><ManufacturerItemDescription>ס.פרלמנט ארוך בלו בו</ManufacturerItemDescription><SoldByWeight/><Quantity>0.00</Quantity><UnitOfMeasure>יח'</UnitOfMeasure><QtyInPackage>לא ידוע</QtyInPackage><UnitOfMeasurePrice>0.0000</UnitOfMeasurePrice><AllowDiscount>1</AllowDiscount><ItemStatus>1</ItemStatus><ItemPrice>38.00</ItemPrice></item><item><PriceUpdateDate>2015-07-27 08:16:34</PriceUpdateDate><ItemCode>7290002881261</ItemCode><ItemType>1</ItemType><ItemName>לפתן ליצ'יס 565 גרם</ItemName><ManufacturerName>תומר</ManufacturerName><ManufactureCountry>ישראל</ManufactureCountry><ManufacturerItemDescription>לפתן ליצ'יס 565 גרם</ManufacturerItemDescription><SoldByWeight/><Quantity>230.00</Quantity><UnitOfMeasure>גרם     </UnitOfMeasure><QtyInPackage>לא ידוע</QtyInPackage><UnitOfMeasurePrice>0.0335</UnitOfMeasurePrice><AllowDiscount>1</AllowDiscount><ItemStatus>1</ItemStatus><ItemPrice>7.70</ItemPrice></item><item><PriceUpdateDate>2016-05-01 10:25:29</PriceUpdateDate><ItemCode>7290002881551</ItemCode><ItemType>1</ItemType><ItemName>מב עלי גפן ממולאים 4</ItemName><ManufacturerName>תומר</ManufacturerName><ManufactureCountry>ישראל</ManufactureCountry><ManufacturerItemDescription>מב עלי גפן ממולאים 4</ManufacturerItemDescription><SoldByWeight/><Quantity>360.00</Quantity><UnitOfMeasure>גרם     </UnitOfMeasure><QtyInPackage>לא ידוע</QtyInPackage><UnitOfMeasurePrice>0.0219</UnitOfMeasurePrice><AllowDiscount>1</AllowDiscount><ItemStatus>1</ItemStatus><ItemPrice>7.90</ItemPrice></item><item><PriceUpdateDate>2016-03-16 14:01:03</PriceUpdateDate><ItemCode>7290002881766</ItemCode><ItemType>1</ItemType><ItemName>פטריות חתוכות שלישיי</ItemName><ManufacturerName>תומר</ManufacturerName><ManufactureCountry>ישראל</ManufactureCountry><ManufacturerItemDescription>פטריות חתוכות שלישיי</ManufacturerItemDescription><SoldByWeight/><Quantity>870.00</Quantity><UnitOfMeasure>גרם     </UnitOfMeasure><QtyInPackage>לא ידוע</QtyInPackage><UnitOfMeasurePrice>0.0125</UnitOfMeasurePrice><AllowDiscount>1</AllowDiscount><ItemStatus>1</ItemStatus><ItemPrice>10.90</ItemPrice></item><item><PriceUpdateDate>2015-11-15 20:35:14</PriceUpdateDate><ItemCode>7290002881865</ItemCode><ItemType>1</ItemType><ItemName>פטריות חתוך 8 אונס 4</ItemName><ManufacturerName>תומר</ManufacturerName><ManufactureCountry>ישראל</ManufactureCountry><ManufacturerItemDescription>פטריות חתוך 8 אונס 4</ManufacturerItemDescription><SoldByWeight/><Quantity>230.00</Quantity><UnitOfMeasure>גרם     </UnitOfMeasure><QtyInPackage>לא ידוע</QtyInPackage><UnitOfMeasurePrice>0.0283</UnitOfMeasurePrice><AllowDiscount>1</AllowDiscount><ItemStatus>1</ItemStatus><ItemPrice>6.50</ItemPrice></item><item><PriceUpdateDate>2015-12-22 06:44:47</PriceUpdateDate><ItemCode>7290002881919</ItemCode><ItemType>1</ItemType><ItemName>פטריות 8 אונס שלם 40</ItemName><ManufacturerName>תומר</ManufacturerName><ManufactureCountry>ישראל</ManufactureCountry><ManufacturerItemDescription>פטריות 8 אונס שלם 40</ManufacturerItemDescription><SoldByWeight/><Quantity>230.00</Quantity><UnitOfMeasure>גרם     </UnitOfMeasure><QtyInPackage>לא ידוע</QtyInPackage><UnitOfMeasurePrice>0.0387</UnitOfMeasurePrice><AllowDiscount>1</AllowDiscount><ItemStatus>1</ItemStatus><ItemPrice>8.90</ItemPrice></item><item><PriceUpdateDate>2016-05-02 08:00:06</PriceUpdateDate><ItemCode>7290002881920</ItemCode><ItemType>1</ItemType><ItemName>ס.מרלבורו גולד ארוך</ItemName><ManufacturerName>מרלבורו</ManufacturerName><ManufactureCountry>ישראל</ManufactureCountry><ManufacturerItemDescription>ס.מרלבורו גולד ארוך</ManufacturerItemDescription><SoldByWeight/><Quantity>0.00</Quantity><UnitOfMeasure>יח'</UnitOfMeasure><QtyInPackage>לא ידוע</QtyInPackage><UnitOfMeasurePrice>0.0000</UnitOfMeasurePrice><AllowDiscount>1</AllowDiscount><ItemStatus>1</ItemStatus><ItemPrice>35.00</ItemPrice></item><item><PriceUpdateDate>2016-05-02 08:00:06</PriceUpdateDate><ItemCode>7290002886925</ItemCode><ItemType>1</ItemType><ItemName>ס.מרלבורו גולד קצר ב</ItemName><ManufacturerName>מרלבורו</ManufacturerName><ManufactureCountry>ישראל</ManufactureCountry><ManufacturerItemDescription>ס.מרלבורו גולד קצר ב</ManufacturerItemDescription><SoldByWeight/><Quantity>0.00</Quantity><UnitOfMeasure>יח'</UnitOfMeasure><QtyInPackage>לא ידוע</QtyInPackage><UnitOfMeasurePrice>0.0000</UnitOfMeasurePrice><AllowDiscount>1</AllowDiscount><ItemStatus>1</ItemStatus><ItemPrice>35.00</ItemPrice></item><item><PriceUpdateDate>2016-03-01 06:44:31</PriceUpdateDate><ItemCode>7290002900566</ItemCode><ItemType>1</ItemType><ItemName>מב נקניק פסטרמה ברבי</ItemName><ManufacturerName>טירת צבי</ManufacturerName><ManufactureCountry>ישראל</ManufactureCountry><ManufacturerItemDescription>מב נקניק פסטרמה ברבי</ManufacturerItemDescription><SoldByWeight/><Quantity>360.00</Quantity><UnitOfMeasure>גרם     </UnitOfMeasure><QtyInPackage>לא ידוע</QtyInPackage><UnitOfMeasurePrice>0.0692</UnitOfMeasurePrice><AllowDiscount>1</AllowDiscount><ItemStatus>1</ItemStatus><ItemPrice>24.90</ItemPrice></item><item><PriceUpdateDate>2015-10-22 07:19:04</PriceUpdateDate><ItemCode>7290002929413</ItemCode><ItemType>3</ItemType><ItemName>צלי כתף בשר מספר 5 ג</ItemName><ManufacturerName>טיבון ויל</ManufacturerName><ManufactureCountry>ישראל</ManufactureCountry><ManufacturerItemDescription>צלי כתף בשר מספר 5 ג</ManufacturerItemDescription><SoldByWeight/><Quantity>1.00</Quantity><UnitOfMeasure>ק"ג</UnitOfMeasure><QtyInPackage>לא ידוע</QtyInPackage><UnitOfMeasurePrice>61.1000</UnitOfMeasurePrice><AllowDiscount>1</AllowDiscount><ItemStatus>1</ItemStatus><ItemPrice>61.10</ItemPrice></item><item><PriceUpdateDate>2016-03-29 07:28:32</PriceUpdateDate><ItemCode>7290002929642</ItemCode><ItemType>1</ItemType><ItemName>מב טונה ויליגר בשמן</ItemName><ManufacturerName>ויליגר</ManufacturerName><ManufactureCountry>ישראל</ManufactureCountry><ManufacturerItemDescription>מב טונה ויליגר בשמן</ManufacturerItemDescription><SoldByWeight/><Quantity>140.00</Quantity><UnitOfMeasure>גרם     </UnitOfMeasure><QtyInPackage>לא ידוע</QtyInPackage><UnitOfMeasurePrice>0.1421</UnitOfMeasurePrice><AllowDiscount>1</AllowDiscount><ItemStatus>1</ItemStatus><ItemPrice>19.90</ItemPrice></item><item><PriceUpdateDate>2016-03-01 06:44:32</PriceUpdateDate><ItemCode>7290003009145</ItemCode><ItemType>1</ItemType><ItemName>סירופ פריגתענבים 750</ItemName><ManufacturerName>פריגת</ManufacturerName><ManufactureCountry>ישראל</ManufactureCountry><ManufacturerItemDescription>סירופ פריגתענבים 750</ManufacturerItemDescription><SoldByWeight/><Quantity>750.00</Quantity><UnitOfMeasure>מ"ל</UnitOfMeasure><QtyInPackage>לא ידוע</QtyInPackage><UnitOfMeasurePrice>0.0185</UnitOfMeasurePrice><AllowDiscount>1</AllowDiscount><ItemStatus>1</ItemStatus><ItemPrice>13.90</ItemPrice></item><item><PriceUpdateDate>2016-03-01 06:44:32</PriceUpdateDate><ItemCode>7290003009152</ItemCode><ItemType>1</ItemType><ItemName>סירופ פריגת פטל 750</ItemName><ManufacturerName>פריגת</ManufacturerName><ManufactureCountry>ישראל</ManufactureCountry><ManufacturerItemDescription>סירופ פטל 750 מל</ManufacturerItemDescription><SoldByWeight/><Quantity>750.00</Quantity><UnitOfMeasure>מ"ל</UnitOfMeasure><QtyInPackage>לא ידוע</QtyInPackage><UnitOfMeasurePrice>0.0185</UnitOfMeasurePrice><AllowDiscount>1</AllowDiscount><ItemStatus>1</ItemStatus><ItemPrice>13.90</ItemPrice></item><item><PriceUpdateDate>2016-05-01 12:06:30</PriceUpdateDate><ItemCode>7290003023165</ItemCode><ItemType>1</ItemType><ItemName>שוקו כד 1.5% יטבתה 2</ItemName><ManufacturerName>יטבתה</ManufacturerName><ManufactureCountry>ישראל</ManufactureCountry><ManufacturerItemDescription>שוקו2 ל.בכד פלסטיק</ManufacturerItemDescription><SoldByWeight/><Quantity>2000.00</Quantity><UnitOfMeasure>מ"ל</UnitOfMeasure><QtyInPackage>לא ידוע</QtyInPackage><UnitOfMeasurePrice>0.0104</UnitOfMeasurePrice><AllowDiscount>1</AllowDiscount><ItemStatus>1</ItemStatus><ItemPrice>20.90</ItemPrice></item><item><PriceUpdateDate>2016-03-29 07:10:54</PriceUpdateDate><ItemCode>7290003026036</ItemCode><ItemType>1</ItemType><ItemName>מב סבון נוזלי קמיל ב</ItemName><ManufacturerName>לא ידוע</ManufacturerName><ManufactureCountry>ישראל</ManufactureCountry><ManufacturerItemDescription>מב סבון נוזלי קמיל ב</ManufacturerItemDescription><SoldByWeight/><Quantity>1000.00</Quantity><UnitOfMeasure>מ"ל</UnitOfMeasure><QtyInPackage>לא ידוע</QtyInPackage><UnitOfMeasurePrice>0.0219</UnitOfMeasurePrice><AllowDiscount>1</AllowDiscount><ItemStatus>1</ItemStatus><ItemPrice>21.90</ItemPrice></item><item><PriceUpdateDate>2016-03-16 14:01:03</PriceUpdateDate><ItemCode>7290003029181</ItemCode><ItemType>1</ItemType><ItemName>שוקו יטבתה בקבוק 1 ל</ItemName><ManufacturerName>יטבתה</ManufacturerName><ManufactureCountry>ישראל</ManufactureCountry><ManufacturerItemDescription>שוקו יוטבתה1 ל.בקבוק</ManufacturerItemDescription><SoldByWeight/><Quantity>1000.00</Quantity><UnitOfMeasure>מ"ל</UnitOfMeasure><QtyInPackage>לא ידוע</QtyInPackage><UnitOfMeasurePrice>0.0119</UnitOfMeasurePrice><AllowDiscount>1</AllowDiscount><ItemStatus>1</ItemStatus><ItemPrice>11.90</ItemPrice></item><item><PriceUpdateDate>2015-11-13 10:56:48</PriceUpdateDate><ItemCode>7290003029266</ItemCode><ItemType>1</ItemType><ItemName>מילקשייק שוקו בקרטון</ItemName><ManufacturerName>יטבתה</ManufacturerName><ManufactureCountry>ישראל</ManufactureCountry><ManufacturerItemDescription>מילקשייק שוקו יטבתה 400 מ</ManufacturerItemDescription><SoldByWeight/><Quantity>400.00</Quantity><UnitOfMeasure>מ"ל</UnitOfMeasure><QtyInPackage>לא ידוע</QtyInPackage><UnitOfMeasurePrice>0.0177</UnitOfMeasurePrice><AllowDiscount>1</AllowDiscount><ItemStatus>1</ItemStatus><ItemPrice>7.10</ItemPrice></item><item><PriceUpdateDate>2015-10-22 08:37:08</PriceUpdateDate><ItemCode>7290003029389</ItemCode><ItemType>1</ItemType><ItemName>משקה חלב בננה עם פקק</ItemName><ManufacturerName>יטבתה</ManufacturerName><ManufactureCountry>ישראל</ManufactureCountry><ManufacturerItemDescription>משקה חלב בננה פקק ספורטאי</ManufacturerItemDescription><SoldByWeight/><Quantity>250.00</Quantity><UnitOfMeasure>מ"ל</UnitOfMeasure><QtyInPackage>לא ידוע</QtyInPackage><UnitOfMeasurePrice>0.0216</UnitOfMeasurePrice><AllowDiscount>1</AllowDiscount><ItemStatus>1</ItemStatus><ItemPrice>5.40</ItemPrice></item><item><PriceUpdateDate>2016-03-16 14:01:03</PriceUpdateDate><ItemCode>7290003029433</ItemCode><ItemType>1</ItemType><ItemName>שוקו יטבתה עם פקק 25</ItemName><ManufacturerName>יטבתה</ManufacturerName><ManufactureCountry>ישראל</ManufactureCountry><ManufacturerItemDescription>שוקו יטבתה ספורטאים 250 מ</ManufacturerItemDescription><SoldByWeight/><Quantity>250.00</Quantity><UnitOfMeasure>מ"ל</UnitOfMeasure><QtyInPackage>לא ידוע</QtyInPackage><UnitOfMeasurePrice>0.0212</UnitOfMeasurePrice><AllowDiscount>1</AllowDiscount><ItemStatus>1</ItemStatus><ItemPrice>5.30</ItemPrice></item><item><PriceUpdateDate>2016-05-01 10:25:36</PriceUpdateDate><ItemCode>7290003029815</ItemCode><ItemType>1</ItemType><ItemName>מב חלב מועשר 3% מהדר</ItemName><ManufacturerName>יטבתה</ManufacturerName><ManufactureCountry>ישראל</ManufactureCountry><ManufacturerItemDescription>חלב מועשר 2 3% ליטר</ManufacturerItemDescription><SoldByWeight/><Quantity>2000.00</Quantity><UnitOfMeasure>מ"ל</UnitOfMeasure><QtyInPackage>לא ידוע</QtyInPackage><UnitOfMeasurePrice>0.0065</UnitOfMeasurePrice><AllowDiscount>1</AllowDiscount><ItemStatus>1</ItemStatus><ItemPrice>12.90</ItemPrice></item><item><PriceUpdateDate>2016-05-01 12:06:30</PriceUpdateDate><ItemCode>7290003047642</ItemCode><ItemType>1</ItemType><ItemName>תה ליפטון 1.5 גרם 10</ItemName><ManufacturerName>ליפטון</ManufacturerName><ManufactureCountry>הודו</ManufactureCountry><ManufacturerItemDescription>מוצץ בבליסטר     3 יח'</ManufacturerItemDescription><SoldByWeight/><Quantity>200.00</Quantity><UnitOfMeasure>גרם     </UnitOfMeasure><QtyInPackage>לא ידוע</QtyInPackage><UnitOfMeasurePrice>0.1170</UnitOfMeasurePrice><AllowDiscount>1</AllowDiscount><ItemStatus>1</ItemStatus><ItemPrice>23.40</ItemPrice></item><item><PriceUpdateDate>2016-03-29 07:28:32</PriceUpdateDate><ItemCode>7290003054657</ItemCode><ItemType>1</ItemType><ItemName>מב חרדל דיז''ון אקסט</ItemName><ManufacturerName>Reine Dijon</ManufacturerName><ManufactureCountry>צרפת</ManufactureCountry><ManufacturerItemDescription>חרדל דיגון אקסטרא פורטה 3</ManufacturerItemDescription><SoldByWeight/><Quantity>370.00</Quantity><UnitOfMeasure>גרם     </UnitOfMeasure><QtyInPackage>לא ידוע</QtyInPackage><UnitOfMeasurePrice>0.0268</UnitOfMeasurePrice><AllowDiscount>1</AllowDiscount><ItemStatus>1</ItemStatus><ItemPrice>9.90</ItemPrice></item><item><PriceUpdateDate>2014-12-01 06:28:45</PriceUpdateDate><ItemCode>7290003102136</ItemCode><ItemType>1</ItemType><ItemName>צמר גפן 100 גרם</ItemName><ManufacturerName>לא ידוע</ManufacturerName><ManufactureCountry>ישראל</ManufactureCountry><ManufacturerItemDescription>צמר גפן COTTON SOFT רפואי</ManufacturerItemDescription><SoldByWeight/><Quantity>100.00</Quantity><UnitOfMeasure>גרם     </UnitOfMeasure><QtyInPackage>לא ידוע</QtyInPackage><UnitOfMeasurePrice>0.0570</UnitOfMeasurePrice><AllowDiscount>1</AllowDiscount><ItemStatus>1</ItemStatus><ItemPrice>5.70</ItemPrice></item><item><PriceUpdateDate>2016-03-16 13:06:21</PriceUpdateDate><ItemCode>7290003119110</ItemCode><ItemType>1</ItemType><ItemName>קוקה קולה שישייה. 1.</ItemName><ManufacturerName>קוקה קולה</ManufacturerName><ManufactureCountry>ישראל</ManufactureCountry><ManufacturerItemDescription>קוקה קולה 1.5 ל</ManufacturerItemDescription><SoldByWeight/><Quantity>9000.00</Quantity><UnitOfMeasure>מ"ל</UnitOfMeasure><QtyInPackage>לא ידוע</QtyInPackage><UnitOfMeasurePrice>0.0040</UnitOfMeasurePrice><AllowDiscount>1</AllowDiscount><ItemStatus>1</ItemStatus><ItemPrice>35.90</ItemPrice></item><item><PriceUpdateDate>2016-03-16 13:06:21</PriceUpdateDate><ItemCode>7290003119165</ItemCode><ItemType>1</ItemType><ItemName>קוקה קולה דיאט שישיי</ItemName><ManufacturerName>דיאט קוקה קולה</ManufacturerName><ManufactureCountry>ישראל</ManufactureCountry><ManufacturerItemDescription>קוקה קולה דיאט1.5 ל</ManufacturerItemDescription><SoldByWeight/><Quantity>9000.00</Quantity><UnitOfMeasure>מ"ל</UnitOfMeasure><QtyInPackage>לא ידוע</QtyInPackage><UnitOfMeasurePrice>0.0040</UnitOfMeasurePrice><AllowDiscount>1</AllowDiscount><ItemStatus>1</ItemStatus><ItemPrice>35.90</ItemPrice></item><item><PriceUpdateDate>2015-10-22 08:33:00</PriceUpdateDate><ItemCode>7290003126712</ItemCode><ItemType>1</ItemType><ItemName>יוגורט עיזים טבעי 15</ItemName><ManufacturerName>משק צוריאל</ManufacturerName><ManufactureCountry>ישראל</ManufactureCountry><ManufacturerItemDescription>יוגורט עיזים 150 3.9% גר</ManufacturerItemDescription><SoldByWeight/><Quantity>140.00</Quantity><UnitOfMeasure>מ"ל</UnitOfMeasure><QtyInPackage>לא ידוע</QtyInPackage><UnitOfMeasurePrice>0.0493</UnitOfMeasurePrice><AllowDiscount>0</AllowDiscount><ItemStatus>1</ItemStatus><ItemPrice>6.90</ItemPrice></item><item><PriceUpdateDate>2015-10-22 08:33:00</PriceUpdateDate><ItemCode>7290003126958</ItemCode><ItemType>1</ItemType><ItemName>טופו טבעי 300 גרם</ItemName><ManufacturerName>משק צוריאל</ManufacturerName><ManufactureCountry>ארצות הברית</ManufactureCountry><ManufacturerItemDescription>טופו גולמי ואקום 300 גר</ManufacturerItemDescription><SoldByWeight/><Quantity>300.00</Quantity><UnitOfMeasure>גרם     </UnitOfMeasure><QtyInPackage>לא ידוע</QtyInPackage><UnitOfMeasurePrice>0.0463</UnitOfMeasurePrice><AllowDiscount>1</AllowDiscount><ItemStatus>1</ItemStatus><ItemPrice>13.90</ItemPrice></item><item><PriceUpdateDate>2016-03-24 07:05:52</PriceUpdateDate><ItemCode>7290003141159</ItemCode><ItemType>1</ItemType><ItemName>מרשמלו יוגטה 180 גרם</ItemName><ManufacturerName>יוגטה</ManufacturerName><ManufactureCountry>ישראל</ManufactureCountry><ManufacturerItemDescription>מרשמלו יוגטה     גרם</ManufacturerItemDescription><SoldByWeight/><Quantity>180.00</Quantity><UnitOfMeasure>גרם     </UnitOfMeasure><QtyInPackage>לא ידוע</QtyInPackage><UnitOfMeasurePrice>0.0511</UnitOfMeasurePrice><AllowDiscount>1</AllowDiscount><ItemStatus>1</ItemStatus><ItemPrice>9.20</ItemPrice></item><item><PriceUpdateDate>2015-03-08 15:55:30</PriceUpdateDate><ItemCode>7290003141425</ItemCode><ItemType>1</ItemType><ItemName>טופי יוגטה 200 גרם</ItemName><ManufacturerName>יוגטה</ManufacturerName><ManufactureCountry>ישראל</ManufactureCountry><ManufacturerItemDescription>טופי 200 גר יוגטה</ManufacturerItemDescription><SoldByWeight/><Quantity>200.00</Quantity><UnitOfMeasure>גרם     </UnitOfMeasure><QtyInPackage>לא ידוע</QtyInPackage><UnitOfMeasurePrice>0.0495</UnitOfMeasurePrice><AllowDiscount>1</AllowDiscount><ItemStatus>1</ItemStatus><ItemPrice>9.90</ItemPrice></item><item><PriceUpdateDate>2015-11-15 20:35:15</PriceUpdateDate><ItemCode>7290003142422</ItemCode><ItemType>1</ItemType><ItemName>גרעיני חמניה 180 גרם</ItemName><ManufacturerName>ליימן חטיבת המותגים</ManufacturerName><ManufactureCountry>ישראל</ManufactureCountry><ManufacturerItemDescription>גרעיני חמניה 180 גרם</ManufacturerItemDescription><SoldByWeight/><Quantity>180.00</Quantity><UnitOfMeasure>גרם     </UnitOfMeasure><QtyInPackage>לא ידוע</QtyInPackage><UnitOfMeasurePrice>0.0433</UnitOfMeasurePrice><AllowDiscount>1</AllowDiscount><ItemStatus>1</ItemStatus><ItemPrice>7.80</ItemPrice></item><item><PriceUpdateDate>2015-11-02 17:20:12</PriceUpdateDate><ItemCode>7290003142477</ItemCode><ItemType>1</ItemType><ItemName>ערמונים קלופים וקלוי</ItemName><ManufacturerName>לא ממותג</ManufacturerName><ManufactureCountry>ישראל</ManufactureCountry><ManufacturerItemDescription>ערמונים קלופים וקלוי</ManufacturerItemDescription><SoldByWeight/><Quantity>100.00</Quantity><UnitOfMeasure>גרם     </UnitOfMeasure><QtyInPackage>לא ידוע</QtyInPackage><UnitOfMeasurePrice>0.0870</UnitOfMeasurePrice><AllowDiscount>1</AllowDiscount><ItemStatus>1</ItemStatus><ItemPrice>8.70</ItemPrice></item><item><PriceUpdateDate>2016-05-01 12:06:33</PriceUpdateDate><ItemCode>7290003143146</ItemCode><ItemType>1</ItemType><ItemName>ממרח תמרים קליית גת</ItemName><ManufacturerName>לא ממותג</ManufacturerName><ManufactureCountry>ישראל</ManufactureCountry><ManufacturerItemDescription>ממרח תמרים קליית גת</ManufacturerItemDescription><SoldByWeight/><Quantity>450.00</Quantity><UnitOfMeasure>גרם     </UnitOfMeasure><QtyInPackage>לא ידוע</QtyInPackage><UnitOfMeasurePrice>0.0180</UnitOfMeasurePrice><AllowDiscount>1</AllowDiscount><ItemStatus>1</ItemStatus><ItemPrice>8.10</ItemPrice></item><item><PriceUpdateDate>2014-12-01 06:29:40</PriceUpdateDate><ItemCode>7290003143191</ItemCode><ItemType>1</ItemType><ItemName>צ'וקטה עדשי שוקולד ח</ItemName><ManufacturerName>יוגטה</ManufacturerName><ManufactureCountry>ספרד</ManufactureCountry><ManufacturerItemDescription>עדשי שוקולד צוקטה</ManufacturerItemDescription><SoldByWeight/><Quantity>100.00</Quantity><UnitOfMeasure>גרם     </UnitOfMeasure><QtyInPackage>לא ידוע</QtyInPackage><UnitOfMeasurePrice>0.0760</UnitOfMeasurePrice><AllowDiscount>1</AllowDiscount><ItemStatus>1</ItemStatus><ItemPrice>7.60</ItemPrice></item><item><PriceUpdateDate>2016-03-24 07:05:52</PriceUpdateDate><ItemCode>7290003143276</ItemCode><ItemType>1</ItemType><ItemName>מרשמלו מגולגל יוגטה</ItemName><ManufacturerName>יוגטה</ManufacturerName><ManufactureCountry>ישראל</ManufactureCountry><ManufacturerItemDescription>מרשמלו מגולגל יוגטה</ManufacturerItemDescription><SoldByWeight/><Quantity>180.00</Quantity><UnitOfMeasure>גרם     </UnitOfMeasure><QtyInPackage>לא ידוע</QtyInPackage><UnitOfMeasurePrice>0.0511</UnitOfMeasurePrice><AllowDiscount>1</AllowDiscount><ItemStatus>1</ItemStatus><ItemPrice>9.20</ItemPrice></item><item><PriceUpdateDate>2015-03-31 06:38:21</PriceUpdateDate><ItemCode>7290003144037</ItemCode><ItemType>1</ItemType><ItemName>קקאו 150 גרם</ItemName><ManufacturerName>לא ממותג</ManufacturerName><ManufactureCountry>ישראל</ManufactureCountry><ManufacturerItemDescription>קקאו 150 גרם</ManufacturerItemDescription><SoldByWeight/><Quantity>150.00</Quantity><UnitOfMeasure>גרם     </UnitOfMeasure><QtyInPackage>לא ידוע</QtyInPackage><UnitOfMeasurePrice>0.0527</UnitOfMeasurePrice><AllowDiscount>1</AllowDiscount><ItemStatus>1</ItemStatus><ItemPrice>7.90</ItemPrice></item><item><PriceUpdateDate>2016-02-18 07:09:03</PriceUpdateDate><ItemCode>7290003144075</ItemCode><ItemType>1</ItemType><ItemName>עוגה אישית צ'וקטה בט</ItemName><ManufacturerName>יוגטה</ManufacturerName><ManufactureCountry>ישראל</ManufactureCountry><ManufacturerItemDescription>עוגה אישית צ'וקטה בט</ManufacturerItemDescription><SoldByWeight/><Quantity>30.00</Quantity><UnitOfMeasure>גרם     </UnitOfMeasure><QtyInPackage>לא ידוע</QtyInPackage><UnitOfMeasurePrice>0.0667</UnitOfMeasurePrice><AllowDiscount>1</AllowDiscount><ItemStatus>1</ItemStatus><ItemPrice>2.00</ItemPrice></item><item><PriceUpdateDate>2015-12-28 12:23:19</PriceUpdateDate><ItemCode>7290003144341</ItemCode><ItemType>1</ItemType><ItemName>עוגת צ'וקטה רול קקאו</ItemName><ManufacturerName>יוגטה</ManufacturerName><ManufactureCountry>לא ידוע</ManufactureCountry><ManufacturerItemDescription>עוגת צ'וקטה רול קקאו</ManufacturerItemDescription><SoldByWeight/><Quantity>200.00</Quantity><UnitOfMeasure>גרם     </UnitOfMeasure><QtyInPackage>לא ידוע</QtyInPackage><UnitOfMeasurePrice>0.0395</UnitOfMeasurePrice><AllowDiscount>1</AllowDiscount><ItemStatus>1</ItemStatus><ItemPrice>7.90</ItemPrice></item><item><PriceUpdateDate>2016-05-01 12:06:33</PriceUpdateDate><ItemCode>7290003144419</ItemCode><ItemType>1</ItemType><ItemName>סילאן טבעי 710 גרם ק</ItemName><ManufacturerName>קליית גת</ManufacturerName><ManufactureCountry>לא ידוע</ManufactureCountry><ManufacturerItemDescription>סילאן טבעי 710 גרם ק</ManufacturerItemDescription><SoldByWeight/><Quantity>710.00</Quantity><UnitOfMeasure>גרם     </UnitOfMeasure><QtyInPackage>לא ידוע</QtyInPackage><UnitOfMeasurePrice>0.0449</UnitOfMeasurePrice><AllowDiscount>1</AllowDiscount><ItemStatus>1</ItemStatus><ItemPrice>31.90</ItemPrice></item><item><PriceUpdateDate>2015-12-28 12:23:19</PriceUpdateDate><ItemCode>7290003144426</ItemCode><ItemType>1</ItemType><ItemName>עוגת צ'וקטה רול אגוז</ItemName><ManufacturerName>יוגטה</ManufacturerName><ManufactureCountry>לא ידוע</ManufactureCountry><ManufacturerItemDescription>עוגת צ'וקטה רול אגוז</ManufacturerItemDescription><SoldByWeight/><Quantity>200.00</Quantity><UnitOfMeasure>גרם     </UnitOfMeasure><QtyInPackage>לא ידוע</QtyInPackage><UnitOfMeasurePrice>0.0395</UnitOfMeasurePrice><AllowDiscount>1</AllowDiscount><ItemStatus>1</ItemStatus><ItemPrice>7.90</ItemPrice></item><item><PriceUpdateDate>2016-05-01 12:06:33</PriceUpdateDate><ItemCode>7290003144471</ItemCode><ItemType>1</ItemType><ItemName>שוקולד חלב צ'וקטה 30</ItemName><ManufacturerName>יוגטה</ManufacturerName><ManufactureCountry>ספרד</ManufactureCountry><ManufacturerItemDescription>טואלט דאק זוג   750*מ"ל</ManufacturerItemDescription><SoldByWeight/><Quantity>300.00</Quantity><UnitOfMeasure>גרם     </UnitOfMeasure><QtyInPackage>לא ידוע</QtyInPackage><UnitOfMeasurePrice>0.0497</UnitOfMeasurePrice><AllowDiscount>1</AllowDiscount><ItemStatus>1</ItemStatus><ItemPrice>14.90</ItemPrice></item><item><PriceUpdateDate>2016-05-01 12:06:33</PriceUpdateDate><ItemCode>7290003144488</ItemCode><ItemType>1</ItemType><ItemName>שוקולד מריר צ'וקטה 3</ItemName><ManufacturerName>יוגטה</ManufacturerName><ManufactureCountry>ספרד</ManufactureCountry><ManufacturerItemDescription>טואלט דאק זוג   750*מ"ל</ManufacturerItemDescription><SoldByWeight/><Quantity>300.00</Quantity><UnitOfMeasure>גרם     </UnitOfMeasure><QtyInPackage>לא ידוע</QtyInPackage><UnitOfMeasurePrice>0.0497</UnitOfMeasurePrice><AllowDiscount>1</AllowDiscount><ItemStatus>1</ItemStatus><ItemPrice>14.90</ItemPrice></item><item><PriceUpdateDate>2016-04-26 14:35:47</PriceUpdateDate><ItemCode>7290003151080</ItemCode><ItemType>1</ItemType><ItemName>מארז רביעיה שוקולד פ</ItemName><ManufacturerName>לא ממותג</ManufacturerName><ManufactureCountry>ישראל</ManufactureCountry><ManufacturerItemDescription>מארז רביעיה שוקולד פ</ManufacturerItemDescription><SoldByWeight/><Quantity>400.00</Quantity><UnitOfMeasure>גרם     </UnitOfMeasure><QtyInPackage>לא ידוע</QtyInPackage><UnitOfMeasurePrice>0.0398</UnitOfMeasurePrice><AllowDiscount>1</AllowDiscount><ItemStatus>1</ItemStatus><ItemPrice>15.90</ItemPrice></item><item><PriceUpdateDate>2016-03-01 06:44:33</PriceUpdateDate><ItemCode>7290003229116</ItemCode><ItemType>1</ItemType><ItemName>מב פסטרמה בדבש 400 ג</ItemName><ManufacturerName>טירת צבי</ManufacturerName><ManufactureCountry>ישראל</ManufactureCountry><ManufacturerItemDescription>פסטרמה בדבש 400 גר</ManufacturerItemDescription><SoldByWeight/><Quantity>400.00</Quantity><UnitOfMeasure>גרם     </UnitOfMeasure><QtyInPackage>לא ידוע</QtyInPackage><UnitOfMeasurePrice>0.0622</UnitOfMeasurePrice><AllowDiscount>1</AllowDiscount><ItemStatus>1</ItemStatus><ItemPrice>24.90</ItemPrice></item><item><PriceUpdateDate>2016-02-11 11:03:30</PriceUpdateDate><ItemCode>7290003229147</ItemCode><ItemType>1</ItemType><ItemName>מב נקניק סלמי איטלקי</ItemName><ManufacturerName>טירת צבי</ManufacturerName><ManufactureCountry>ישראל</ManufactureCountry><ManufacturerItemDescription>סלמי אטלקי 300 גר</ManufacturerItemDescription><SoldByWeight/><Quantity>300.00</Quantity><UnitOfMeasure>גרם     </UnitOfMeasure><QtyInPackage>לא ידוע</QtyInPackage><UnitOfMeasurePrice>0.0663</UnitOfMeasurePrice><AllowDiscount>1</AllowDiscount><ItemStatus>1</ItemStatus><ItemPrice>19.90</ItemPrice></item><item><PriceUpdateDate>2016-02-11 11:03:30</PriceUpdateDate><ItemCode>7290003229154</ItemCode><ItemType>1</ItemType><ItemName>מב נקניק סלמי קוניאק</ItemName><ManufacturerName>טירת צבי</ManufacturerName><ManufactureCountry>ישראל</ManufactureCountry><ManufacturerItemDescription>סלמי קוניאק מובחר 300 גר</ManufacturerItemDescription><SoldByWeight/><Quantity>300.00</Quantity><UnitOfMeasure>גרם     </UnitOfMeasure><QtyInPackage>לא ידוע</QtyInPackage><UnitOfMeasurePrice>0.0663</UnitOfMeasurePrice><AllowDiscount>1</AllowDiscount><ItemStatus>1</ItemStatus><ItemPrice>19.90</ItemPrice></item><item><PriceUpdateDate>2016-01-05 08:33:30</PriceUpdateDate><ItemCode>7290003229192</ItemCode><ItemType>1</ItemType><ItemName>נקניק כתף בקר מעושן</ItemName><ManufacturerName>טירת צבי</ManufacturerName><ManufactureCountry>ישראל</ManufactureCountry><ManufacturerItemDescription>כתף בקר מעושן 400 גר</ManufacturerItemDescription><SoldByWeight/><Quantity>400.00</Quantity><UnitOfMeasure>גרם     </UnitOfMeasure><QtyInPackage>לא ידוע</QtyInPackage><UnitOfMeasurePrice>0.0947</UnitOfMeasurePrice><AllowDiscount>1</AllowDiscount><ItemStatus>1</ItemStatus><ItemPrice>37.90</ItemPrice></item><item><PriceUpdateDate>2016-03-01 06:44:33</PriceUpdateDate><ItemCode>7290003229208</ItemCode><ItemType>1</ItemType><ItemName>מב נקניק פסטרמה ספרד</ItemName><ManufacturerName>טירת צבי</ManufacturerName><ManufactureCountry>ישראל</ManufactureCountry><ManufacturerItemDescription>מב נקניק פסטרמה ספרד</ManufacturerItemDescription><SoldByWeight/><Quantity>360.00</Quantity><UnitOfMeasure>גרם     </UnitOfMeasure><QtyInPackage>לא ידוע</QtyInPackage><UnitOfMeasurePrice>0.0692</UnitOfMeasurePrice><AllowDiscount>1</AllowDiscount><ItemStatus>1</ItemStatus><ItemPrice>24.90</ItemPrice></item><item><PriceUpdateDate>2016-03-01 06:44:34</PriceUpdateDate><ItemCode>7290003229215</ItemCode><ItemType>1</ItemType><ItemName>מב נקניק פסטרמה איטל</ItemName><ManufacturerName>טירת צבי</ManufacturerName><ManufactureCountry>ישראל</ManufactureCountry><ManufacturerItemDescription>מב נקניק פסטרמה איטל</ManufacturerItemDescription><SoldByWeight/><Quantity>360.00</Quantity><UnitOfMeasure>גרם     </UnitOfMeasure><QtyInPackage>לא ידוע</QtyInPackage><UnitOfMeasurePrice>0.0692</UnitOfMeasurePrice><AllowDiscount>1</AllowDiscount><ItemStatus>1</ItemStatus><ItemPrice>24.90</ItemPrice></item><item><PriceUpdateDate>2015-11-15 20:35:15</PriceUpdateDate><ItemCode>7290003251308</ItemCode><ItemType>1</ItemType><ItemName>אצטון שוורץ 100 סמ"ק</ItemName><ManufacturerName>שוורץ</ManufacturerName><ManufactureCountry>ישראל</ManufactureCountry><ManufacturerItemDescription>אצטון</ManufacturerItemDescription><SoldByWeight/><Quantity>100.00</Quantity><UnitOfMeasure>מ"ל</UnitOfMeasure><QtyInPackage>לא ידוע</QtyInPackage><UnitOfMeasurePrice>0.0430</UnitOfMeasurePrice><AllowDiscount>1</AllowDiscount><ItemStatus>1</ItemStatus><ItemPrice>4.30</ItemPrice></item><item><PriceUpdateDate>2016-05-01 12:06:38</PriceUpdateDate><ItemCode>7290003287314</ItemCode><ItemType>1</ItemType><ItemName>קבב על מקל קינמון בל</ItemName><ManufacturerName>בלדי</ManufacturerName><ManufactureCountry>ישראל</ManufactureCountry><ManufacturerItemDescription>קבב על מקל קינמון בל</ManufacturerItemDescription><SoldByWeight/><Quantity>520.00</Quantity><UnitOfMeasure>גרם     </UnitOfMeasure><QtyInPackage>לא ידוע</QtyInPackage><UnitOfMeasurePrice>0.0654</UnitOfMeasurePrice><AllowDiscount>1</AllowDiscount><ItemStatus>1</ItemStatus><ItemPrice>34.00</ItemPrice></item><item><PriceUpdateDate>2016-03-16 14:01:03</PriceUpdateDate><ItemCode>7290003321155</ItemCode><ItemType>1</ItemType><ItemName>דנונה בר פקאן סיני מ</ItemName><ManufacturerName>דנונה</ManufacturerName><ManufactureCountry>ישראל</ManufactureCountry><ManufacturerItemDescription>דנונהדגנים פקאןסיני+שוקול</ManufacturerItemDescription><SoldByWeight/><Quantity>183.00</Quantity><UnitOfMeasure>גרם     </UnitOfMeasure><QtyInPackage>לא ידוע</QtyInPackage><UnitOfMeasurePrice>0.0246</UnitOfMeasurePrice><AllowDiscount>1</AllowDiscount><ItemStatus>1</ItemStatus><ItemPrice>4.50</ItemPrice></item><item><PriceUpdateDate>2015-12-08 07:01:03</PriceUpdateDate><ItemCode>7290003321292</ItemCode><ItemType>1</ItemType><ItemName>גבינת סקי 9% 250 גרם</ItemName><ManufacturerName>שטראוס</ManufacturerName><ManufactureCountry>ישראל</ManufactureCountry><ManufacturerItemDescription>גבינה סקי 250 9% גר</ManufacturerItemDescription><SoldByWeight/><Quantity>250.00</Quantity><UnitOfMeasure>גרם     </UnitOfMeasure><QtyInPackage>לא ידוע</QtyInPackage><UnitOfMeasurePrice>0.0192</UnitOfMeasurePrice><AllowDiscount>1</AllowDiscount><ItemStatus>1</ItemStatus><ItemPrice>4.80</ItemPrice></item><item><PriceUpdateDate>2015-07-27 08:16:34</PriceUpdateDate><ItemCode>7290003335190</ItemCode><ItemType>1</ItemType><ItemName>עלי גפן 400 גרם</ItemName><ManufacturerName>ויליגר</ManufacturerName><ManufactureCountry>ישראל</ManufactureCountry><ManufacturerItemDescription>עלי גפן 400 גרם</ManufacturerItemDescription><SoldByWeight/><Quantity>400.00</Quantity><UnitOfMeasure>גרם     </UnitOfMeasure><QtyInPackage>לא ידוע</QtyInPackage><UnitOfMeasurePrice>0.0273</UnitOfMeasurePrice><AllowDiscount>1</AllowDiscount><ItemStatus>1</ItemStatus><ItemPrice>10.90</ItemPrice></item><item><PriceUpdateDate>2014-12-01 06:28:29</PriceUpdateDate><ItemCode>7290003400500</ItemCode><ItemType>1</ItemType><ItemName>חטיף ריזס נאטרייג'ס</ItemName><ManufacturerName>הרשיז</ManufacturerName><ManufactureCountry>ישראל</ManufactureCountry><ManufacturerItemDescription>חטיף ריזס נאטרייג'ס</ManufacturerItemDescription><SoldByWeight/><Quantity>47.00</Quantity><UnitOfMeasure>גרם     </UnitOfMeasure><QtyInPackage>לא ידוע</QtyInPackage><UnitOfMeasurePrice>0.1043</UnitOfMeasurePrice><AllowDiscount>1</AllowDiscount><ItemStatus>1</ItemStatus><ItemPrice>4.90</ItemPrice></item><item><PriceUpdateDate>2015-10-22 07:19:54</PriceUpdateDate><ItemCode>7290003411313</ItemCode><ItemType>1</ItemType><ItemName>מפה על בד צבעונית 18</ItemName><ManufacturerName>הנמל</ManufacturerName><ManufactureCountry>ישראל</ManufactureCountry><ManufacturerItemDescription>מפה על בד צבעונית 18</ManufacturerItemDescription><SoldByWeight/><Quantity>0.00</Quantity><UnitOfMeasure>יח'</UnitOfMeasure><QtyInPackage>לא ידוע</QtyInPackage><UnitOfMeasurePrice>0.0000</UnitOfMeasurePrice><AllowDiscount>1</AllowDiscount><ItemStatus>1</ItemStatus><ItemPrice>6.90</ItemPrice></item><item><PriceUpdateDate>2015-11-15 20:35:15</PriceUpdateDate><ItemCode>7290003411566</ItemCode><ItemType>1</ItemType><ItemName>צמרונים 200 יח</ItemName><ManufacturerName>הנמל</ManufacturerName><ManufactureCountry>ישראל</ManufactureCountry><ManufacturerItemDescription>צמרונים 200 יח</ManufacturerItemDescription><SoldByWeight/><Quantity>0.00</Quantity><UnitOfMeasure>יח'</UnitOfMeasure><QtyInPackage>לא ידוע</QtyInPackage><UnitOfMeasurePrice>0.0000</UnitOfMeasurePrice><AllowDiscount>1</AllowDiscount><ItemStatus>1</ItemStatus><ItemPrice>3.30</ItemPrice></item><item><PriceUpdateDate>2015-11-15 20:35:15</PriceUpdateDate><ItemCode>7290003411573</ItemCode><ItemType>1</ItemType><ItemName>צלחות עמוקות חד פעמי</ItemName><ManufacturerName>הנמל</ManufacturerName><ManufactureCountry>ישראל</ManufactureCountry><ManufacturerItemDescription>צלחות עמוקות חד פעמי</ManufacturerItemDescription><SoldByWeight/><Quantity>30.00</Quantity><UnitOfMeasure>בודד</UnitOfMeasure><QtyInPackage>לא ידוע</QtyInPackage><UnitOfMeasurePrice>0.3867</UnitOfMeasurePrice><AllowDiscount>1</AllowDiscount><ItemStatus>1</ItemStatus><ItemPrice>11.60</ItemPrice></item><item><PriceUpdateDate>2015-03-08 15:55:31</PriceUpdateDate><ItemCode>7290003411702</ItemCode><ItemType>1</ItemType><ItemName>חומוס ענק 500 גרם</ItemName><ManufacturerName>לא ממותג</ManufacturerName><ManufactureCountry>ישראל</ManufactureCountry><ManufacturerItemDescription>חומוס ענק 500 גרם</ManufacturerItemDescription><SoldByWeight/><Quantity>500.00</Quantity><UnitOfMeasure>גרם     </UnitOfMeasure><QtyInPackage>לא ידוע</QtyInPackage><UnitOfMeasurePrice>0.0210</UnitOfMeasurePrice><AllowDiscount>1</AllowDiscount><ItemStatus>1</ItemStatus><ItemPrice>10.50</ItemPrice></item><item><PriceUpdateDate>2016-03-16 14:01:03</PriceUpdateDate><ItemCode>7290003411948</ItemCode><ItemType>1</ItemType><ItemName>צמר גפן 100 גרם</ItemName><ManufacturerName>הנמל</ManufacturerName><ManufactureCountry>ישראל</ManufactureCountry><ManufacturerItemDescription>צמר גפן 100 גרם</ManufacturerItemDescription><SoldByWeight/><Quantity>100.00</Quantity><UnitOfMeasure>גרם     </UnitOfMeasure><QtyInPackage>לא ידוע</QtyInPackage><UnitOfMeasurePrice>0.0490</UnitOfMeasurePrice><AllowDiscount>1</AllowDiscount><ItemStatus>1</ItemStatus><ItemPrice>4.90</ItemPrice></item><item><PriceUpdateDate>2015-10-27 06:51:07</PriceUpdateDate><ItemCode>7290003411993</ItemCode><ItemType>1</ItemType><ItemName>גפרורים 10 יח'</ItemName><ManufacturerName>הנמל</ManufacturerName><ManufactureCountry>ישראל</ManufactureCountry><ManufacturerItemDescription>גפרורים 10 יח'</ManufacturerItemDescription><SoldByWeight/><Quantity>0.00</Quantity><UnitOfMeasure>יח'</UnitOfMeasure><QtyInPackage>לא ידוע</QtyInPackage><UnitOfMeasurePrice>0.0000</UnitOfMeasurePrice><AllowDiscount>1</AllowDiscount><ItemStatus>1</ItemStatus><ItemPrice>4.80</ItemPrice></item><item><PriceUpdateDate>2016-05-01 12:06:39</PriceUpdateDate><ItemCode>7290003427154</ItemCode><ItemType>1</ItemType><ItemName>שמן זית זיתא כתית מע</ItemName><ManufacturerName>זיתא</ManufacturerName><ManufactureCountry>ישראל</ManufactureCountry><ManufacturerItemDescription>שמן זית כתית מעולה 750 מל</ManufacturerItemDescription><SoldByWeight/><Quantity>750.00</Quantity><UnitOfMeasure>מ"ל</UnitOfMeasure><QtyInPackage>לא ידוע</QtyInPackage><UnitOfMeasurePrice>0.0532</UnitOfMeasurePrice><AllowDiscount>1</AllowDiscount><ItemStatus>1</ItemStatus><ItemPrice>39.90</ItemPrice></item><item><PriceUpdateDate>2016-05-01 10:25:47</PriceUpdateDate><ItemCode>7290003438006</ItemCode><ItemType>1</ItemType><ItemName>מב ממרח אוליביה פסטו</ItemName><ManufacturerName>אוליביה</ManufacturerName><ManufactureCountry>ישראל</ManufactureCountry><ManufacturerItemDescription>ממרח פסטו+צנובר180 גר</ManufacturerItemDescription><SoldByWeight/><Quantity>180.00</Quantity><UnitOfMeasure>גרם     </UnitOfMeasure><QtyInPackage>לא ידוע</QtyInPackage><UnitOfMeasurePrice>0.0661</UnitOfMeasurePrice><AllowDiscount>1</AllowDiscount><ItemStatus>1</ItemStatus><ItemPrice>11.90</ItemPrice></item><item><PriceUpdateDate>2016-05-01 10:25:48</PriceUpdateDate><ItemCode>7290003438013</ItemCode><ItemType>1</ItemType><ItemName>מב ממרחי אוליביה זית</ItemName><ManufacturerName>אוליביה</ManufacturerName><ManufactureCountry>ישראל</ManufactureCountry><ManufacturerItemDescription>ממרח זיתים ירוקים190 ג</ManufacturerItemDescription><SoldByWeight/><Quantity>190.00</Quantity><UnitOfMeasure>גרם     </UnitOfMeasure><QtyInPackage>לא ידוע</QtyInPackage><UnitOfMeasurePrice>0.0626</UnitOfMeasurePrice><AllowDiscount>0</AllowDiscount><ItemStatus>1</ItemStatus><ItemPrice>11.90</ItemPrice></item><item><PriceUpdateDate>2016-05-01 10:25:48</PriceUpdateDate><ItemCode>7290003438020</ItemCode><ItemType>1</ItemType><ItemName>מב ממרח אוליביה עגבנ</ItemName><ManufacturerName>אוליביה</ManufacturerName><ManufactureCountry>ישראל</ManufactureCountry><ManufacturerItemDescription>ממרח עגבניות מיובשות צנצ.</ManufacturerItemDescription><SoldByWeight/><Quantity>190.00</Quantity><UnitOfMeasure>גרם     </UnitOfMeasure><QtyInPackage>לא ידוע</QtyInPackage><UnitOfMeasurePrice>0.0626</UnitOfMeasurePrice><AllowDiscount>1</AllowDiscount><ItemStatus>1</ItemStatus><ItemPrice>11.90</ItemPrice></item><item><PriceUpdateDate>2014-12-01 06:27:56</PriceUpdateDate><ItemCode>7290003438914</ItemCode><ItemType>1</ItemType><ItemName>ממרח ויקול שמן קנולה</ItemName><ManufacturerName>אוליביה</ManufacturerName><ManufactureCountry>ישראל</ManufactureCountry><ManufacturerItemDescription>ממרח ויקול שמן קנולה</ManufacturerItemDescription><SoldByWeight/><Quantity>150.00</Quantity><UnitOfMeasure>גרם     </UnitOfMeasure><QtyInPackage>לא ידוע</QtyInPackage><UnitOfMeasurePrice>0.0620</UnitOfMeasurePrice><AllowDiscount>1</AllowDiscount><ItemStatus>1</ItemStatus><ItemPrice>9.30</ItemPrice></item><item><PriceUpdateDate>2015-11-12 07:13:24</PriceUpdateDate><ItemCode>7290003444009</ItemCode><ItemType>1</ItemType><ItemName>הרשי'ז -ריזס חטיף  ש</ItemName><ManufacturerName>הרשיז</ManufacturerName><ManufactureCountry>ישראל</ManufactureCountry><ManufacturerItemDescription>הרשי'ז -ריזס חטיף  ש</ManufacturerItemDescription><SoldByWeight/><Quantity>42.00</Quantity><UnitOfMeasure>גרם     </UnitOfMeasure><QtyInPackage>לא ידוע</QtyInPackage><UnitOfMeasurePrice>0.0952</UnitOfMeasurePrice><AllowDiscount>1</AllowDiscount><ItemStatus>1</ItemStatus><ItemPrice>4.00</ItemPrice></item><item><PriceUpdateDate>2016-05-01 12:06:39</PriceUpdateDate><ItemCode>7290003450022</ItemCode><ItemType>1</ItemType><ItemName>היינץ מיולייט היינץ</ItemName><ManufacturerName>היינץ</ManufacturerName><ManufactureCountry>ספרד</ManufactureCountry><ManufacturerItemDescription>מיזלי קראנץ     ירות 1 ק</ManufacturerItemDescription><SoldByWeight/><Quantity>430.00</Quantity><UnitOfMeasure>גרם     </UnitOfMeasure><QtyInPackage>לא ידוע</QtyInPackage><UnitOfMeasurePrice>0.0286</UnitOfMeasurePrice><AllowDiscount>0</AllowDiscount><ItemStatus>1</ItemStatus><ItemPrice>12.30</ItemPrice></item><item><PriceUpdateDate>2016-05-01 12:06:39</PriceUpdateDate><ItemCode>7290003450091</ItemCode><ItemType>1</ItemType><ItemName>מיונז היינץ אמיתי 43</ItemName><ManufacturerName>היינץ</ManufacturerName><ManufactureCountry>ספרד</ManufactureCountry><ManufacturerItemDescription>גרנולה אגוזים   ק"ג</ManufacturerItemDescription><SoldByWeight/><Quantity>430.00</Quantity><UnitOfMeasure>גרם     </UnitOfMeasure><QtyInPackage>לא ידוע</QtyInPackage><UnitOfMeasurePrice>0.0286</UnitOfMeasurePrice><AllowDiscount>0</AllowDiscount><ItemStatus>1</ItemStatus><ItemPrice>12.30</ItemPrice></item><item><PriceUpdateDate>2014-12-01 06:28:52</PriceUpdateDate><ItemCode>7290003457861</ItemCode><ItemType>1</ItemType><ItemName>שלגון סולרו טרופי</ItemName><ManufacturerName>סולרו</ManufacturerName><ManufactureCountry>ישראל</ManufactureCountry><ManufacturerItemDescription>שלגון סולרו פירות טרופיים</ManufacturerItemDescription><SoldByWeight/><Quantity>0.00</Quantity><UnitOfMeasure>יח'</UnitOfMeasure><QtyInPackage>לא ידוע</QtyInPackage><UnitOfMeasurePrice>0.0000</UnitOfMeasurePrice><AllowDiscount>1</AllowDiscount><ItemStatus>1</ItemStatus><ItemPrice>10.20</ItemPrice></item><item><PriceUpdateDate>2015-11-15 20:35:16</PriceUpdateDate><ItemCode>7290003457922</ItemCode><ItemType>1</ItemType><ItemName>שלגון מגנום שוקולד</ItemName><ManufacturerName>שטראוס גלידה</ManufacturerName><ManufactureCountry>ישראל</ManufactureCountry><ManufacturerItemDescription>שלגון מגנום שוקו</ManufacturerItemDescription><SoldByWeight/><Quantity>0.00</Quantity><UnitOfMeasure>יח'</UnitOfMeasure><QtyInPackage>לא ידוע</QtyInPackage><UnitOfMeasurePrice>0.0000</UnitOfMeasurePrice><AllowDiscount>1</AllowDiscount><ItemStatus>1</ItemStatus><ItemPrice>11.50</ItemPrice></item><item><PriceUpdateDate>2015-11-15 20:35:16</PriceUpdateDate><ItemCode>7290003457946</ItemCode><ItemType>1</ItemType><ItemName>שלגון מגנום שקדים</ItemName><ManufacturerName>מגנום-גלידה</ManufacturerName><ManufactureCountry>ישראל</ManufactureCountry><ManufacturerItemDescription>שלגון מגנום שקד</ManufacturerItemDescription><SoldByWeight/><Quantity>1.00</Quantity><UnitOfMeasure>יח'</UnitOfMeasure><QtyInPackage>לא ידוע</QtyInPackage><UnitOfMeasurePrice>11.5000</UnitOfMeasurePrice><AllowDiscount>1</AllowDiscount><ItemStatus>1</ItemStatus><ItemPrice>11.50</ItemPrice></item><item><PriceUpdateDate>2015-11-15 20:35:16</PriceUpdateDate><ItemCode>7290003457953</ItemCode><ItemType>1</ItemType><ItemName>שלגון מגנום לבן</ItemName><ManufacturerName>מגנום-גלידה</ManufacturerName><ManufactureCountry>ישראל</ManufactureCountry><ManufacturerItemDescription>שלגון מגנום שוקולד לבן</ManufacturerItemDescription><SoldByWeight/><Quantity>0.00</Quantity><UnitOfMeasure>יח'</UnitOfMeasure><QtyInPackage>לא ידוע</QtyInPackage><UnitOfMeasurePrice>0.0000</UnitOfMeasurePrice><AllowDiscount>1</AllowDiscount><ItemStatus>1</ItemStatus><ItemPrice>11.50</ItemPrice></item><item><PriceUpdateDate>2014-12-01 06:27:49</PriceUpdateDate><ItemCode>7290003475124</ItemCode><ItemType>1</ItemType><ItemName>צמר גפן עננים 100 גר</ItemName><ManufacturerName>בלונס</ManufacturerName><ManufactureCountry>ישראל</ManufactureCountry><ManufacturerItemDescription>צמר גפן עננים 100 גר</ManufacturerItemDescription><SoldByWeight/><Quantity>100.00</Quantity><UnitOfMeasure>גרם     </UnitOfMeasure><QtyInPackage>לא ידוע</QtyInPackage><UnitOfMeasurePrice>0.0730</UnitOfMeasurePrice><AllowDiscount>1</AllowDiscount><ItemStatus>1</ItemStatus><ItemPrice>7.30</ItemPrice></item><item><PriceUpdateDate>2015-10-11 14:15:39</PriceUpdateDate><ItemCode>7290003514571</ItemCode><ItemType>1</ItemType><ItemName>מנה פריכיות אורז עם</ItemName><ManufacturerName>מנה</ManufacturerName><ManufactureCountry>ישראל</ManufactureCountry><ManufacturerItemDescription>פריכונים אורז עם מלח100 ג</ManufacturerItemDescription><SoldByWeight/><Quantity>100.00</Quantity><UnitOfMeasure>גרם     </UnitOfMeasure><QtyInPackage>לא ידוע</QtyInPackage><UnitOfMeasurePrice>0.0720</UnitOfMeasurePrice><AllowDiscount>1</AllowDiscount><ItemStatus>1</ItemStatus><ItemPrice>7.20</ItemPrice></item><item><PriceUpdateDate>2015-10-11 14:15:39</PriceUpdateDate><ItemCode>7290003514588</ItemCode><ItemType>1</ItemType><ItemName>מנה פריכיות אורז ללא</ItemName><ManufacturerName>מנה</ManufacturerName><ManufactureCountry>ישראל</ManufactureCountry><ManufacturerItemDescription>פריכיות אורז ללא מלח100 ג</ManufacturerItemDescription><SoldByWeight/><Quantity>100.00</Quantity><UnitOfMeasure>גרם     </UnitOfMeasure><QtyInPackage>לא ידוע</QtyInPackage><UnitOfMeasurePrice>0.0720</UnitOfMeasurePrice><AllowDiscount>1</AllowDiscount><ItemStatus>1</ItemStatus><ItemPrice>7.20</ItemPrice></item><item><PriceUpdateDate>2016-03-16 14:01:03</PriceUpdateDate><ItemCode>7290003550494</ItemCode><ItemType>3</ItemType><ItemName>פילה סלמון  סטרלינג</ItemName><ManufacturerName>דלידג</ManufacturerName><ManufactureCountry>ישראל</ManufactureCountry><ManufacturerItemDescription>פילה סלמון סטרלינג לקג</ManufacturerItemDescription><SoldByWeight/><Quantity>1.00</Quantity><UnitOfMeasure>ק"ג</UnitOfMeasure><QtyInPackage>לא ידוע</QtyInPackage><UnitOfMeasurePrice>59.9000</UnitOfMeasurePrice><AllowDiscount>1</AllowDiscount><ItemStatus>1</ItemStatus><ItemPrice>59.90</ItemPrice></item><item><PriceUpdateDate>2016-03-29 07:28:33</PriceUpdateDate><ItemCode>7290003550753</ItemCode><ItemType>1</ItemType><ItemName>מב רביעיות טונה פוסי</ItemName><ManufacturerName>לא ממותג</ManufacturerName><ManufactureCountry>ישראל</ManufactureCountry><ManufacturerItemDescription>מב רביעיות טונה פוסי</ManufacturerItemDescription><SoldByWeight/><Quantity>108.00</Quantity><UnitOfMeasure>גרם     </UnitOfMeasure><QtyInPackage>לא ידוע</QtyInPackage><UnitOfMeasurePrice>0.1843</UnitOfMeasurePrice><AllowDiscount>1</AllowDiscount><ItemStatus>1</ItemStatus><ItemPrice>19.90</ItemPrice></item><item><PriceUpdateDate>2016-01-15 07:10:21</PriceUpdateDate><ItemCode>7290003550937</ItemCode><ItemType>3</ItemType><ItemName>רגל עגל פרוס במשקל ק</ItemName><ManufacturerName>לא ידוע</ManufacturerName><ManufactureCountry>ישראל</ManufactureCountry><ManufacturerItemDescription>רגל עגל פרוס במשקל ק</ManufacturerItemDescription><SoldByWeight/><Quantity>1.00</Quantity><UnitOfMeasure>ק"ג</UnitOfMeasure><QtyInPackage>לא ידוע</QtyInPackage><UnitOfMeasurePrice>39.9000</UnitOfMeasurePrice><AllowDiscount>1</AllowDiscount><ItemStatus>1</ItemStatus><ItemPrice>39.90</ItemPrice></item><item><PriceUpdateDate>2014-12-01 06:28:27</PriceUpdateDate><ItemCode>7290003555970</ItemCode><ItemType>1</ItemType><ItemName>אבקה למדיח הפי 1 ק"ג</ItemName><ManufacturerName>הפי</ManufacturerName><ManufactureCountry>ישראל</ManufactureCountry><ManufacturerItemDescription>אבקה למדיח הפי 1 ק"ג</ManufacturerItemDescription><SoldByWeight/><Quantity>1000.00</Quantity><UnitOfMeasure>גרם     </UnitOfMeasure><QtyInPackage>לא ידוע</QtyInPackage><UnitOfMeasurePrice>0.0274</UnitOfMeasurePrice><AllowDiscount>1</AllowDiscount><ItemStatus>1</ItemStatus><ItemPrice>27.40</ItemPrice></item><item><PriceUpdateDate>2016-03-29 07:28:33</PriceUpdateDate><ItemCode>7290003578061</ItemCode><ItemType>1</ItemType><ItemName>מב לבבות דקל שלם ויל</ItemName><ManufacturerName>.N.Y.C</ManufacturerName><ManufactureCountry>ישראל</ManufactureCountry><ManufacturerItemDescription>דקל לבבות שלמים400 גרם</ManufacturerItemDescription><SoldByWeight/><Quantity>400.00</Quantity><UnitOfMeasure>גרם     </UnitOfMeasure><QtyInPackage>לא ידוע</QtyInPackage><UnitOfMeasurePrice>0.0273</UnitOfMeasurePrice><AllowDiscount>1</AllowDiscount><ItemStatus>1</ItemStatus><ItemPrice>10.90</ItemPrice></item><item><PriceUpdateDate>2015-11-02 17:20:13</PriceUpdateDate><ItemCode>7290003578177</ItemCode><ItemType>1</ItemType><ItemName>תירס גמדי 410גרם</ItemName><ManufacturerName>וילי פוד</ManufacturerName><ManufactureCountry>ישראל</ManufactureCountry><ManufacturerItemDescription>תירס גמדי שלם 410 גר</ManufacturerItemDescription><SoldByWeight/><Quantity>210.00</Quantity><UnitOfMeasure>גרם     </UnitOfMeasure><QtyInPackage>לא ידוע</QtyInPackage><UnitOfMeasurePrice>0.0319</UnitOfMeasurePrice><AllowDiscount>1</AllowDiscount><ItemStatus>1</ItemStatus><ItemPrice>6.70</ItemPrice></item><item><PriceUpdateDate>2016-03-16 13:06:21</PriceUpdateDate><ItemCode>7290003608089</ItemCode><ItemType>1</ItemType><ItemName>ספרינג 1.5 ליטר טעם</ItemName><ManufacturerName>ספרינג</ManufacturerName><ManufactureCountry>ישראל</ManufactureCountry><ManufacturerItemDescription>ספרינג תות בננה 1.5 ל</ManufacturerItemDescription><SoldByWeight/><Quantity>1500.00</Quantity><UnitOfMeasure>מ"ל</UnitOfMeasure><QtyInPackage>לא ידוע</QtyInPackage><UnitOfMeasurePrice>0.0046</UnitOfMeasurePrice><AllowDiscount>1</AllowDiscount><ItemStatus>1</ItemStatus><ItemPrice>6.90</ItemPrice></item><item><PriceUpdateDate>2016-05-01 12:06:42</PriceUpdateDate><ItemCode>7290003643004</ItemCode><ItemType>1</ItemType><ItemName>אורז בסמטי 1 ק"ג</ItemName><ManufacturerName>סוגת</ManufacturerName><ManufactureCountry>ישראל</ManufactureCountry><ManufacturerItemDescription>אורז בסמטי קלאסי1 קג</ManufacturerItemDescription><SoldByWeight/><Quantity>1000.00</Quantity><UnitOfMeasure>גרם     </UnitOfMeasure><QtyInPackage>לא ידוע</QtyInPackage><UnitOfMeasurePrice>0.0129</UnitOfMeasurePrice><AllowDiscount>1</AllowDiscount><ItemStatus>1</ItemStatus><ItemPrice>12.90</ItemPrice></item><item><PriceUpdateDate>2015-11-15 20:35:16</PriceUpdateDate><ItemCode>7290003643127</ItemCode><ItemType>1</ItemType><ItemName>אבקת אפיה סוגת 100 ג</ItemName><ManufacturerName>סוגת</ManufacturerName><ManufactureCountry>ישראל</ManufactureCountry><ManufacturerItemDescription>אבקת אפיה סוגת 100 ג</ManufacturerItemDescription><SoldByWeight/><Quantity>100.00</Quantity><UnitOfMeasure>גרם     </UnitOfMeasure><QtyInPackage>לא ידוע</QtyInPackage><UnitOfMeasurePrice>0.0340</UnitOfMeasurePrice><AllowDiscount>1</AllowDiscount><ItemStatus>1</ItemStatus><ItemPrice>3.40</ItemPrice></item><item><PriceUpdateDate>2015-11-15 20:35:16</PriceUpdateDate><ItemCode>7290003643134</ItemCode><ItemType>1</ItemType><ItemName>סוכר וניל סוגת 100 ג</ItemName><ManufacturerName>סוגת</ManufacturerName><ManufactureCountry>ישראל</ManufactureCountry><ManufacturerItemDescription>סוכר וניל סוגת 100 ג</ManufacturerItemDescription><SoldByWeight/><Quantity>100.00</Quantity><UnitOfMeasure>גרם     </UnitOfMeasure><QtyInPackage>לא ידוע</QtyInPackage><UnitOfMeasurePrice>0.0350</UnitOfMeasurePrice><AllowDiscount>1</AllowDiscount><ItemStatus>1</ItemStatus><ItemPrice>3.50</ItemPrice></item><item><PriceUpdateDate>2015-11-02 17:20:13</PriceUpdateDate><ItemCode>7290003643141</ItemCode><ItemType>1</ItemType><ItemName>סודה לשתיה סוגת 50 ג</ItemName><ManufacturerName>סוגת</ManufacturerName><ManufactureCountry>ישראל</ManufactureCountry><ManufacturerItemDescription>סודה לשתיה סוגת 50 ג</ManufacturerItemDescription><SoldByWeight/><Quantity>50.00</Quantity><UnitOfMeasure>גרם     </UnitOfMeasure><QtyInPackage>לא ידוע</QtyInPackage><UnitOfMeasurePrice>0.0360</UnitOfMeasurePrice><AllowDiscount>1</AllowDiscount><ItemStatus>1</ItemStatus><ItemPrice>1.80</ItemPrice></item><item><PriceUpdateDate>2014-12-01 06:27:42</PriceUpdateDate><ItemCode>7290003643158</ItemCode><ItemType>1</ItemType><ItemName>קורנפלור 200 גרם</ItemName><ManufacturerName>סוגת</ManufacturerName><ManufactureCountry>ישראל</ManufactureCountry><ManufacturerItemDescription>קורנפלור 200 גרם</ManufacturerItemDescription><SoldByWeight/><Quantity>200.00</Quantity><UnitOfMeasure>גרם     </UnitOfMeasure><QtyInPackage>לא ידוע</QtyInPackage><UnitOfMeasurePrice>0.0190</UnitOfMeasurePrice><AllowDiscount>1</AllowDiscount><ItemStatus>1</ItemStatus><ItemPrice>3.80</ItemPrice></item><item><PriceUpdateDate>2015-11-15 20:35:16</PriceUpdateDate><ItemCode>7290003643172</ItemCode><ItemType>1</ItemType><ItemName>אבקת סוכר סוגת 100 ג</ItemName><ManufacturerName>סוגת</ManufacturerName><ManufactureCountry>ישראל</ManufactureCountry><ManufacturerItemDescription>אבקת סוכר סוגת 100 ג</ManufacturerItemDescription><SoldByWeight/><Quantity>100.00</Quantity><UnitOfMeasure>גרם     </UnitOfMeasure><QtyInPackage>לא ידוע</QtyInPackage><UnitOfMeasurePrice>0.0250</UnitOfMeasurePrice><AllowDiscount>1</AllowDiscount><ItemStatus>1</ItemStatus><ItemPrice>2.50</ItemPrice></item><item><PriceUpdateDate>2016-05-01 12:06:42</PriceUpdateDate><ItemCode>7290003643325</ItemCode><ItemType>1</ItemType><ItemName>קוסקוס בינוני סוגת 3</ItemName><ManufacturerName>סוגת</ManufacturerName><ManufactureCountry>ישראל</ManufactureCountry><ManufacturerItemDescription>קוסקוס בינוני סוגת 3</ManufacturerItemDescription><SoldByWeight/><Quantity>350.00</Quantity><UnitOfMeasure>גרם     </UnitOfMeasure><QtyInPackage>לא ידוע</QtyInPackage><UnitOfMeasurePrice>0.0203</UnitOfMeasurePrice><AllowDiscount>1</AllowDiscount><ItemStatus>1</ItemStatus><ItemPrice>6.90</ItemPrice></item><item><PriceUpdateDate>2016-02-08 10:36:26</PriceUpdateDate><ItemCode>7290003643387</ItemCode><ItemType>1</ItemType><ItemName>סוכר לבן 1 ק''ג צנצנ</ItemName><ManufacturerName>סוגת</ManufacturerName><ManufactureCountry>ישראל</ManufactureCountry><ManufacturerItemDescription>סוכר1 קג בצנצנת פלסטיק</ManufacturerItemDescription><SoldByWeight/><Quantity>1000.00</Quantity><UnitOfMeasure>גרם     </UnitOfMeasure><QtyInPackage>לא ידוע</QtyInPackage><UnitOfMeasurePrice>0.0079</UnitOfMeasurePrice><AllowDiscount>1</AllowDiscount><ItemStatus>1</ItemStatus><ItemPrice>7.90</ItemPrice></item><item><PriceUpdateDate>2016-03-16 14:01:03</PriceUpdateDate><ItemCode>7290003643752</ItemCode><ItemType>1</ItemType><ItemName>עדשים ירוקים סוגת 50</ItemName><ManufacturerName>סוגת</ManufacturerName><ManufactureCountry>ישראל</ManufactureCountry><ManufacturerItemDescription>עדשים ירוקות 500 גרם</ManufacturerItemDescription><SoldByWeight/><Quantity>500.00</Quantity><UnitOfMeasure>גרם     </UnitOfMeasure><QtyInPackage>לא ידוע</QtyInPackage><UnitOfMeasurePrice>0.0118</UnitOfMeasurePrice><AllowDiscount>1</AllowDiscount><ItemStatus>1</ItemStatus><ItemPrice>5.90</ItemPrice></item><item><PriceUpdateDate>2016-05-01 10:25:54</PriceUpdateDate><ItemCode>7290003643769</ItemCode><ItemType>1</ItemType><ItemName>מב עדשים אדומים סוגת</ItemName><ManufacturerName>סוגת</ManufacturerName><ManufactureCountry>ישראל</ManufactureCountry><ManufacturerItemDescription>עדשים אדומות 500 גרם</ManufacturerItemDescription><SoldByWeight/><Quantity>500.00</Quantity><UnitOfMeasure>גרם     </UnitOfMeasure><QtyInPackage>לא ידוע</QtyInPackage><UnitOfMeasurePrice>0.0130</UnitOfMeasurePrice><AllowDiscount>1</AllowDiscount><ItemStatus>1</ItemStatus><ItemPrice>6.50</ItemPrice></item><item><PriceUpdateDate>2014-12-01 06:27:43</PriceUpdateDate><ItemCode>7290003643783</ItemCode><ItemType>1</ItemType><ItemName>קוקוס טחון 100 גרם</ItemName><ManufacturerName>סוגת</ManufacturerName><ManufactureCountry>ישראל</ManufactureCountry><ManufacturerItemDescription>קוקוס 100 גרם</ManufacturerItemDescription><SoldByWeight/><Quantity>100.00</Quantity><UnitOfMeasure>גרם     </UnitOfMeasure><QtyInPackage>לא ידוע</QtyInPackage><UnitOfMeasurePrice>0.0460</UnitOfMeasurePrice><AllowDiscount>1</AllowDiscount><ItemStatus>1</ItemStatus><ItemPrice>4.60</ItemPrice></item><item><PriceUpdateDate>2016-03-29 07:10:55</PriceUpdateDate><ItemCode>7290003643806</ItemCode><ItemType>1</ItemType><ItemName>שעועית לבנה 500 גרם</ItemName><ManufacturerName>סוגת</ManufacturerName><ManufactureCountry>ישראל</ManufactureCountry><ManufacturerItemDescription>שעועית לבנה 500  גרם</ManufacturerItemDescription><SoldByWeight/><Quantity>500.00</Quantity><UnitOfMeasure>גרם     </UnitOfMeasure><QtyInPackage>לא ידוע</QtyInPackage><UnitOfMeasurePrice>0.0280</UnitOfMeasurePrice><AllowDiscount>1</AllowDiscount><ItemStatus>1</ItemStatus><ItemPrice>14.00</ItemPrice></item><item><PriceUpdateDate>2016-03-16 13:06:42</PriceUpdateDate><ItemCode>7290003667109</ItemCode><ItemType>1</ItemType><ItemName>פאנטה אורנג' 1.5 ליט</ItemName><ManufacturerName>פאנטה אורנג</ManufacturerName><ManufactureCountry>ישראל</ManufactureCountry><ManufacturerItemDescription>פאנטה אורנג1.5 ל</ManufacturerItemDescription><SoldByWeight/><Quantity>1500.00</Quantity><UnitOfMeasure>מ"ל</UnitOfMeasure><QtyInPackage>לא ידוע</QtyInPackage><UnitOfMeasurePrice>0.0046</UnitOfMeasurePrice><AllowDiscount>1</AllowDiscount><ItemStatus>1</ItemStatus><ItemPrice>6.90</ItemPrice></item><item><PriceUpdateDate>2016-03-16 13:06:42</PriceUpdateDate><ItemCode>7290003667673</ItemCode><ItemType>1</ItemType><ItemName>פאנטה דיאט 1.5 ליטר</ItemName><ManufacturerName>דיאט פאנטה אורנג</ManufacturerName><ManufactureCountry>ישראל</ManufactureCountry><ManufacturerItemDescription>פאנטה אורנג דיאט1.5 ל</ManufacturerItemDescription><SoldByWeight/><Quantity>1500.00</Quantity><UnitOfMeasure>מ"ל</UnitOfMeasure><QtyInPackage>לא ידוע</QtyInPackage><UnitOfMeasurePrice>0.0046</UnitOfMeasurePrice><AllowDiscount>1</AllowDiscount><ItemStatus>1</ItemStatus><ItemPrice>6.90</ItemPrice></item><item><PriceUpdateDate>2015-11-03 06:59:18</PriceUpdateDate><ItemCode>7290003715244</ItemCode><ItemType>1</ItemType><ItemName>קשיו קלוי 200 גרם</ItemName><ManufacturerName>זארובי</ManufacturerName><ManufactureCountry>ישראל</ManufactureCountry><ManufacturerItemDescription>קשיו קלוי 200 גרם</ManufacturerItemDescription><SoldByWeight/><Quantity>200.00</Quantity><UnitOfMeasure>גרם     </UnitOfMeasure><QtyInPackage>לא ידוע</QtyInPackage><UnitOfMeasurePrice>0.0745</UnitOfMeasurePrice><AllowDiscount>1</AllowDiscount><ItemStatus>1</ItemStatus><ItemPrice>14.90</ItemPrice></item><item><PriceUpdateDate>2014-12-01 06:29:38</PriceUpdateDate><ItemCode>7290003715299</ItemCode><ItemType>1</ItemType><ItemName>מעורב מובחר 350 גרם</ItemName><ManufacturerName>זארובי</ManufacturerName><ManufactureCountry>ישראל</ManufactureCountry><ManufacturerItemDescription>מעורב מובחר 350 גרם</ManufacturerItemDescription><SoldByWeight/><Quantity>350.00</Quantity><UnitOfMeasure>גרם     </UnitOfMeasure><QtyInPackage>לא ידוע</QtyInPackage><UnitOfMeasurePrice>0.0569</UnitOfMeasurePrice><AllowDiscount>1</AllowDiscount><ItemStatus>1</ItemStatus><ItemPrice>19.90</ItemPrice></item><item><PriceUpdateDate>2015-11-15 20:35:17</PriceUpdateDate><ItemCode>7290003715411</ItemCode><ItemType>1</ItemType><ItemName>צנובר סיני</ItemName><ManufacturerName>זארובי</ManufacturerName><ManufactureCountry>ישראל</ManufactureCountry><ManufacturerItemDescription>צנובר סיני</ManufacturerItemDescription><SoldByWeight/><Quantity>1200.00</Quantity><UnitOfMeasure>גרם     </UnitOfMeasure><QtyInPackage>לא ידוע</QtyInPackage><UnitOfMeasurePrice>0.0229</UnitOfMeasurePrice><AllowDiscount>1</AllowDiscount><ItemStatus>1</ItemStatus><ItemPrice>27.50</ItemPrice></item><item><PriceUpdateDate>2016-03-16 14:01:03</PriceUpdateDate><ItemCode>7290003715596</ItemCode><ItemType>1</ItemType><ItemName>אגוז מלך 300 גרם</ItemName><ManufacturerName>זארובי</ManufacturerName><ManufactureCountry>ישראל</ManufactureCountry><ManufacturerItemDescription>אגוז מלך 300 גרם</ManufacturerItemDescription><SoldByWeight/><Quantity>300.00</Quantity><UnitOfMeasure>גרם     </UnitOfMeasure><QtyInPackage>לא ידוע</QtyInPackage><UnitOfMeasurePrice>0.0930</UnitOfMeasurePrice><AllowDiscount>1</AllowDiscount><ItemStatus>1</ItemStatus><ItemPrice>27.90</ItemPrice></item><item><PriceUpdateDate>2015-11-02 17:20:14</PriceUpdateDate><ItemCode>7290003715688</ItemCode><ItemType>1</ItemType><ItemName>שקד מולבן 100 גרם</ItemName><ManufacturerName>לא ממותג</ManufacturerName><ManufactureCountry>ישראל</ManufactureCountry><ManufacturerItemDescription>שקד מולבן 100 גרם</ManufacturerItemDescription><SoldByWeight/><Quantity>100.00</Quantity><UnitOfMeasure>גרם     </UnitOfMeasure><QtyInPackage>לא ידוע</QtyInPackage><UnitOfMeasurePrice>0.1280</UnitOfMeasurePrice><AllowDiscount>1</AllowDiscount><ItemStatus>1</ItemStatus><ItemPrice>12.80</ItemPrice></item><item><PriceUpdateDate>2015-11-02 17:20:14</PriceUpdateDate><ItemCode>7290003715732</ItemCode><ItemType>1</ItemType><ItemName>שקד גרוס 100 גרם</ItemName><ManufacturerName>לא ממותג</ManufacturerName><ManufactureCountry>ישראל</ManufactureCountry><ManufacturerItemDescription>שקד גרוס 100 גרם</ManufacturerItemDescription><SoldByWeight/><Quantity>100.00</Quantity><UnitOfMeasure>גרם     </UnitOfMeasure><QtyInPackage>לא ידוע</QtyInPackage><UnitOfMeasurePrice>0.1280</UnitOfMeasurePrice><AllowDiscount>1</AllowDiscount><ItemStatus>1</ItemStatus><ItemPrice>12.80</ItemPrice></item><item><PriceUpdateDate>2015-11-02 17:20:14</PriceUpdateDate><ItemCode>7290003715749</ItemCode><ItemType>1</ItemType><ItemName>אגוז מלך גרוס 100 גר</ItemName><ManufacturerName>לא ממותג</ManufacturerName><ManufactureCountry>ישראל</ManufactureCountry><ManufacturerItemDescription>אגוז מלך גרוס 100 גר</ManufacturerItemDescription><SoldByWeight/><Quantity>100.00</Quantity><UnitOfMeasure>גרם     </UnitOfMeasure><QtyInPackage>לא ידוע</QtyInPackage><UnitOfMeasurePrice>0.1280</UnitOfMeasurePrice><AllowDiscount>1</AllowDiscount><ItemStatus>1</ItemStatus><ItemPrice>12.80</ItemPrice></item><item><PriceUpdateDate>2016-05-01 12:06:45</PriceUpdateDate><ItemCode>7290003804344</ItemCode><ItemType>1</ItemType><ItemName>מרק קנור טעם עוף 400</ItemName><ManufacturerName>קנור</ManufacturerName><ManufactureCountry>ישראל</ManufactureCountry><ManufacturerItemDescription>מרקנור בטעם עוף קופסא400</ManufacturerItemDescription><SoldByWeight/><Quantity>400.00</Quantity><UnitOfMeasure>גרם     </UnitOfMeasure><QtyInPackage>לא ידוע</QtyInPackage><UnitOfMeasurePrice>0.0480</UnitOfMeasurePrice><AllowDiscount>1</AllowDiscount><ItemStatus>1</ItemStatus><ItemPrice>19.20</ItemPrice></item><item><PriceUpdateDate>2016-05-01 12:06:48</PriceUpdateDate><ItemCode>7290003806454</ItemCode><ItemType>1</ItemType><ItemName>קניידל אורירי תערובת</ItemName><ManufacturerName>קנור</ManufacturerName><ManufactureCountry>ישראל</ManufactureCountry><ManufacturerItemDescription>תערובת להכנת כדורי מצה</ManufacturerItemDescription><SoldByWeight/><Quantity>128.00</Quantity><UnitOfMeasure>גרם     </UnitOfMeasure><QtyInPackage>לא ידוע</QtyInPackage><UnitOfMeasurePrice>0.1031</UnitOfMeasurePrice><AllowDiscount>1</AllowDiscount><ItemStatus>1</ItemStatus><ItemPrice>13.20</ItemPrice></item><item><PriceUpdateDate>2016-05-01 12:06:48</PriceUpdateDate><ItemCode>7290003806836</ItemCode><ItemType>1</ItemType><ItemName>מרכך כביסה בדין אקסט</ItemName><ManufacturerName>בדין</ManufacturerName><ManufactureCountry>ישראל</ManufactureCountry><ManufacturerItemDescription>מרכך בדין אקסטרא 960 מ"ל</ManufacturerItemDescription><SoldByWeight/><Quantity>960.00</Quantity><UnitOfMeasure>מ"ל</UnitOfMeasure><QtyInPackage>לא ידוע</QtyInPackage><UnitOfMeasurePrice>0.0207</UnitOfMeasurePrice><AllowDiscount>1</AllowDiscount><ItemStatus>1</ItemStatus><ItemPrice>19.90</ItemPrice></item><item><PriceUpdateDate>2015-11-15 20:35:17</PriceUpdateDate><ItemCode>7290003807314</ItemCode><ItemType>1</ItemType><ItemName>מרק עוף אמיתי קנור ר</ItemName><ManufacturerName>קנור</ManufacturerName><ManufactureCountry>ישראל</ManufactureCountry><ManufacturerItemDescription>מרק עוף אמיתי רכיבים טבעי</ManufacturerItemDescription><SoldByWeight/><Quantity>400.00</Quantity><UnitOfMeasure>גרם     </UnitOfMeasure><QtyInPackage>לא ידוע</QtyInPackage><UnitOfMeasurePrice>0.0772</UnitOfMeasurePrice><AllowDiscount>1</AllowDiscount><ItemStatus>1</ItemStatus><ItemPrice>30.90</ItemPrice></item><item><PriceUpdateDate>2015-09-30 23:47:46</PriceUpdateDate><ItemCode>7290003864478</ItemCode><ItemType>1</ItemType><ItemName>סרדין בשמן צמחי  125</ItemName><ManufacturerName>וילי פוד</ManufacturerName><ManufactureCountry>ישראל</ManufactureCountry><ManufacturerItemDescription>סרדינים בשמן צמחי 110 גר</ManufacturerItemDescription><SoldByWeight/><Quantity>85.00</Quantity><UnitOfMeasure>גרם     </UnitOfMeasure><QtyInPackage>לא ידוע</QtyInPackage><UnitOfMeasurePrice>0.0565</UnitOfMeasurePrice><AllowDiscount>1</AllowDiscount><ItemStatus>1</ItemStatus><ItemPrice>4.80</ItemPrice></item><item><PriceUpdateDate>2015-11-12 07:14:55</PriceUpdateDate><ItemCode>7290003901197</ItemCode><ItemType>1</ItemType><ItemName>שוקולד חלב+אגוזים  4</ItemName><ManufacturerName>פרה</ManufacturerName><ManufactureCountry>ישראל</ManufactureCountry><ManufacturerItemDescription>שוקולד חלב+אגוזים  4</ManufacturerItemDescription><SoldByWeight/><Quantity>400.00</Quantity><UnitOfMeasure>גרם     </UnitOfMeasure><QtyInPackage>לא ידוע</QtyInPackage><UnitOfMeasurePrice>0.0865</UnitOfMeasurePrice><AllowDiscount>1</AllowDiscount><ItemStatus>1</ItemStatus><ItemPrice>34.60</ItemPrice></item><item><PriceUpdateDate>2016-02-17 06:20:59</PriceUpdateDate><ItemCode>7290003903955</ItemCode><ItemType>1</ItemType><ItemName>שוקולד פרה קרם חלב 1</ItemName><ManufacturerName>פרה</ManufacturerName><ManufactureCountry>ישראל</ManufactureCountry><ManufacturerItemDescription>שוקולד פרה קרם חלב 100 גר</ManufacturerItemDescription><SoldByWeight/><Quantity>100.00</Quantity><UnitOfMeasure>גרם     </UnitOfMeasure><QtyInPackage>לא ידוע</QtyInPackage><UnitOfMeasurePrice>0.0690</UnitOfMeasurePrice><AllowDiscount>0</AllowDiscount><ItemStatus>1</ItemStatus><ItemPrice>6.90</ItemPrice></item><item><PriceUpdateDate>2016-02-17 06:20:59</PriceUpdateDate><ItemCode>7290003905331</ItemCode><ItemType>1</ItemType><ItemName>שוקולד פרה חלב אגוזי</ItemName><ManufacturerName>פרה</ManufacturerName><ManufactureCountry>ישראל</ManufactureCountry><ManufacturerItemDescription>שוקולד פרה חלב+אגוזים 100</ManufacturerItemDescription><SoldByWeight/><Quantity>100.00</Quantity><UnitOfMeasure>גרם     </UnitOfMeasure><QtyInPackage>לא ידוע</QtyInPackage><UnitOfMeasurePrice>0.0690</UnitOfMeasurePrice><AllowDiscount>0</AllowDiscount><ItemStatus>1</ItemStatus><ItemPrice>6.90</ItemPrice></item><item><PriceUpdateDate>2016-05-01 12:06:52</PriceUpdateDate><ItemCode>7290004030353</ItemCode><ItemType>1</ItemType><ItemName>מיץ סחוט בננה תות 1</ItemName><ManufacturerName>פריניב סחוט</ManufacturerName><ManufactureCountry>ישראל</ManufactureCountry><ManufacturerItemDescription>מיץ בננה תות 1 ליטר</ManufacturerItemDescription><SoldByWeight/><Quantity>1000.00</Quantity><UnitOfMeasure>מ"ל</UnitOfMeasure><QtyInPackage>לא ידוע</QtyInPackage><UnitOfMeasurePrice>0.0129</UnitOfMeasurePrice><AllowDiscount>1</AllowDiscount><ItemStatus>1</ItemStatus><ItemPrice>12.90</ItemPrice></item><item><PriceUpdateDate>2016-05-01 12:06:52</PriceUpdateDate><ItemCode>7290004030445</ItemCode><ItemType>1</ItemType><ItemName>מיץ סחוט תפוז 1 ליטר</ItemName><ManufacturerName>פריניב סחוט</ManufacturerName><ManufactureCountry>ישראל</ManufactureCountry><ManufacturerItemDescription>מיץ תפוזים1 ליטר</ManufacturerItemDescription><SoldByWeight/><Quantity>1000.00</Quantity><UnitOfMeasure>מ"ל</UnitOfMeasure><QtyInPackage>לא ידוע</QtyInPackage><UnitOfMeasurePrice>0.0129</UnitOfMeasurePrice><AllowDiscount>1</AllowDiscount><ItemStatus>1</ItemStatus><ItemPrice>12.90</ItemPrice></item><item><PriceUpdateDate>2015-09-30 23:47:46</PriceUpdateDate><ItemCode>7290004063016</ItemCode><ItemType>1</ItemType><ItemName>מלח שולחן 1 קג</ItemName><ManufacturerName>סלית</ManufacturerName><ManufactureCountry>ישראל</ManufactureCountry><ManufacturerItemDescription>מלח שולחן מעולה דק 1 קג פ</ManufacturerItemDescription><SoldByWeight/><Quantity>1000.00</Quantity><UnitOfMeasure>גרם     </UnitOfMeasure><QtyInPackage>לא ידוע</QtyInPackage><UnitOfMeasurePrice>0.0021</UnitOfMeasurePrice><AllowDiscount>1</AllowDiscount><ItemStatus>1</ItemStatus><ItemPrice>2.07</ItemPrice></item><item><PriceUpdateDate>2016-03-29 07:10:56</PriceUpdateDate><ItemCode>7290004063092</ItemCode><ItemType>1</ItemType><ItemName>מלח קריסטל למדיח 2 ק</ItemName><ManufacturerName>לא ממותג</ManufacturerName><ManufactureCountry>ישראל</ManufactureCountry><ManufacturerItemDescription>מלח קריסטל למדיח 2 ק</ManufacturerItemDescription><SoldByWeight/><Quantity>2000.00</Quantity><UnitOfMeasure>גרם     </UnitOfMeasure><QtyInPackage>לא ידוע</QtyInPackage><UnitOfMeasurePrice>0.0058</UnitOfMeasurePrice><AllowDiscount>1</AllowDiscount><ItemStatus>1</ItemStatus><ItemPrice>11.50</ItemPrice></item><item><PriceUpdateDate>2015-09-30 23:47:46</PriceUpdateDate><ItemCode>7290004063115</ItemCode><ItemType>1</ItemType><ItemName>מלח בישול 1 קג</ItemName><ManufacturerName>לא ממותג</ManufacturerName><ManufactureCountry>ישראל</ManufactureCountry><ManufacturerItemDescription>מלח בישול1 קג     פיקוח</ManufacturerItemDescription><SoldByWeight/><Quantity>1000.00</Quantity><UnitOfMeasure>גרם     </UnitOfMeasure><QtyInPackage>לא ידוע</QtyInPackage><UnitOfMeasurePrice>0.0021</UnitOfMeasurePrice><AllowDiscount>1</AllowDiscount><ItemStatus>1</ItemStatus><ItemPrice>2.07</ItemPrice></item><item><PriceUpdateDate>2016-05-01 10:26:06</PriceUpdateDate><ItemCode>7290004063153</ItemCode><ItemType>1</ItemType><ItemName>מב מלח ים אטלנטי 1 ק</ItemName><ManufacturerName>לא ממותג</ManufacturerName><ManufactureCountry>ישראל</ManufactureCountry><ManufacturerItemDescription>מלח ים אטלנטי 1 קג</ManufacturerItemDescription><SoldByWeight/><Quantity>1000.00</Quantity><UnitOfMeasure>גרם     </UnitOfMeasure><QtyInPackage>לא ידוע</QtyInPackage><UnitOfMeasurePrice>0.0169</UnitOfMeasurePrice><AllowDiscount>1</AllowDiscount><ItemStatus>1</ItemStatus><ItemPrice>16.90</ItemPrice></item><item><PriceUpdateDate>2015-08-18 06:57:55</PriceUpdateDate><ItemCode>7290004068028</ItemCode><ItemType>1</ItemType><ItemName>משקה ציזיקי 500 מ"ל</ItemName><ManufacturerName>גד</ManufacturerName><ManufactureCountry>ישראל</ManufactureCountry><ManufacturerItemDescription>משקה צזיקי 500 מל</ManufacturerItemDescription><SoldByWeight/><Quantity>500.00</Quantity><UnitOfMeasure>מ"ל</UnitOfMeasure><QtyInPackage>לא ידוע</QtyInPackage><UnitOfMeasurePrice>0.0206</UnitOfMeasurePrice><AllowDiscount>1</AllowDiscount><ItemStatus>1</ItemStatus><ItemPrice>10.30</ItemPrice></item><item><PriceUpdateDate>2015-08-18 06:57:55</PriceUpdateDate><ItemCode>7290004068035</ItemCode><ItemType>1</ItemType><ItemName>משקה איירן 500 מ"ל</ItemName><ManufacturerName>גד</ManufacturerName><ManufactureCountry>ישראל</ManufactureCountry><ManufacturerItemDescription>איירן משקה יוגורט בלקני 5</ManufacturerItemDescription><SoldByWeight/><Quantity>500.00</Quantity><UnitOfMeasure>מ"ל</UnitOfMeasure><QtyInPackage>לא ידוע</QtyInPackage><UnitOfMeasurePrice>0.0172</UnitOfMeasurePrice><AllowDiscount>1</AllowDiscount><ItemStatus>1</ItemStatus><ItemPrice>8.60</ItemPrice></item><item><PriceUpdateDate>2016-05-01 12:06:53</PriceUpdateDate><ItemCode>7290004078225</ItemCode><ItemType>1</ItemType><ItemName>מי פה קולגייט פלקס י</ItemName><ManufacturerName>קולגייט</ManufacturerName><ManufactureCountry>ישראל</ManufactureCountry><ManufacturerItemDescription>מי פה קולגייט   ירוק500מ</ManufacturerItemDescription><SoldByWeight/><Quantity>500.00</Quantity><UnitOfMeasure>מ"ל</UnitOfMeasure><QtyInPackage>לא ידוע</QtyInPackage><UnitOfMeasurePrice>0.0752</UnitOfMeasurePrice><AllowDiscount>1</AllowDiscount><ItemStatus>1</ItemStatus><ItemPrice>37.60</ItemPrice></item><item><PriceUpdateDate>2015-10-22 08:04:47</PriceUpdateDate><ItemCode>7290004119133</ItemCode><ItemType>1</ItemType><ItemName>יוגורט כד 7% תנובה 1</ItemName><ManufacturerName>יוגורט כדים תנובה</ManufacturerName><ManufactureCountry>ישראל</ManufactureCountry><ManufacturerItemDescription>יוגורט כד 7% תנובה 1</ManufacturerItemDescription><SoldByWeight/><Quantity>1500.00</Quantity><UnitOfMeasure>מ"ל</UnitOfMeasure><QtyInPackage>לא ידוע</QtyInPackage><UnitOfMeasurePrice>0.0117</UnitOfMeasurePrice><AllowDiscount>1</AllowDiscount><ItemStatus>1</ItemStatus><ItemPrice>17.50</ItemPrice></item><item><PriceUpdateDate>2016-02-15 07:37:44</PriceUpdateDate><ItemCode>7290004119225</ItemCode><ItemType>1</ItemType><ItemName>יופלה אננס 3% 150 גר</ItemName><ManufacturerName>יופלה</ManufacturerName><ManufactureCountry>ישראל</ManufactureCountry><ManufacturerItemDescription>יופלה אננס 150 3% מל</ManufacturerItemDescription><SoldByWeight/><Quantity>150.00</Quantity><UnitOfMeasure>גרם     </UnitOfMeasure><QtyInPackage>לא ידוע</QtyInPackage><UnitOfMeasurePrice>0.0353</UnitOfMeasurePrice><AllowDiscount>1</AllowDiscount><ItemStatus>1</ItemStatus><ItemPrice>5.30</ItemPrice></item><item><PriceUpdateDate>2015-10-13 11:27:35</PriceUpdateDate><ItemCode>7290004119522</ItemCode><ItemType>1</ItemType><ItemName>שוקו תנובה בשקית 225</ItemName><ManufacturerName>שוק</ManufacturerName><ManufactureCountry>ישראל</ManufactureCountry><ManufacturerItemDescription>שוקו שוק בשקית 225 מל</ManufacturerItemDescription><SoldByWeight/><Quantity>225.00</Quantity><UnitOfMeasure>מ"ל</UnitOfMeasure><QtyInPackage>לא ידוע</QtyInPackage><UnitOfMeasurePrice>0.0129</UnitOfMeasurePrice><AllowDiscount>1</AllowDiscount><ItemStatus>1</ItemStatus><ItemPrice>2.90</ItemPrice></item><item><PriceUpdateDate>2015-10-22 08:04:47</PriceUpdateDate><ItemCode>7290004119928</ItemCode><ItemType>1</ItemType><ItemName>מעדן קרלו וניל 1.5%</ItemName><ManufacturerName>קרלו</ManufacturerName><ManufactureCountry>ישראל</ManufactureCountry><ManufacturerItemDescription>קרלו מעדן וניל125 3%מל</ManufacturerItemDescription><SoldByWeight/><Quantity>125.00</Quantity><UnitOfMeasure>גרם     </UnitOfMeasure><QtyInPackage>לא ידוע</QtyInPackage><UnitOfMeasurePrice>0.0240</UnitOfMeasurePrice><AllowDiscount>1</AllowDiscount><ItemStatus>1</ItemStatus><ItemPrice>3.00</ItemPrice></item><item><PriceUpdateDate>2015-10-13 11:27:35</PriceUpdateDate><ItemCode>7290004119973</ItemCode><ItemType>1</ItemType><ItemName>מעדן קרלו שוקו 1.5%</ItemName><ManufacturerName>קרלו</ManufacturerName><ManufactureCountry>ישראל</ManufactureCountry><ManufacturerItemDescription>קרלו מעדן שוקו125 3% מל</ManufacturerItemDescription><SoldByWeight/><Quantity>125.00</Quantity><UnitOfMeasure>מ"ל</UnitOfMeasure><QtyInPackage>לא ידוע</QtyInPackage><UnitOfMeasurePrice>0.0240</UnitOfMeasurePrice><AllowDiscount>1</AllowDiscount><ItemStatus>1</ItemStatus><ItemPrice>3.00</ItemPrice></item><item><PriceUpdateDate>2015-10-13 11:27:35</PriceUpdateDate><ItemCode>7290004120061</ItemCode><ItemType>1</ItemType><ItemName>מעדן קרלו שוניל 1.5%</ItemName><ManufacturerName>קרלו</ManufacturerName><ManufactureCountry>ישראל</ManufactureCountry><ManufacturerItemDescription>קרלו מעדן שוניל 125 1.5%</ManufacturerItemDescription><SoldByWeight/><Quantity>125.00</Quantity><UnitOfMeasure>גרם     </UnitOfMeasure><QtyInPackage>לא ידוע</QtyInPackage><UnitOfMeasurePrice>0.0248</UnitOfMeasurePrice><AllowDiscount>1</AllowDiscount><ItemStatus>1</ItemStatus><ItemPrice>3.10</ItemPrice></item><item><PriceUpdateDate>2016-03-29 07:10:56</PriceUpdateDate><ItemCode>7290004120269</ItemCode><ItemType>1</ItemType><ItemName>שוקו תנובה בשקית מאר</ItemName><ManufacturerName>תנובה</ManufacturerName><ManufactureCountry>ישראל</ManufactureCountry><ManufacturerItemDescription>שוקו מאגדת שקיות 225*6 מל</ManufacturerItemDescription><SoldByWeight/><Quantity>1350.00</Quantity><UnitOfMeasure>מ"ל</UnitOfMeasure><QtyInPackage>לא ידוע</QtyInPackage><UnitOfMeasurePrice>0.0124</UnitOfMeasurePrice><AllowDiscount>1</AllowDiscount><ItemStatus>1</ItemStatus><ItemPrice>16.70</ItemPrice></item><item><PriceUpdateDate>2016-03-29 07:10:56</PriceUpdateDate><ItemCode>7290004120634</ItemCode><ItemType>1</ItemType><ItemName>גבינה בולגית 5% פירא</ItemName><ManufacturerName>פיראוס</ManufacturerName><ManufactureCountry>ישראל</ManufactureCountry><ManufacturerItemDescription>גבינה בולגרית פיראוס250-5</ManufacturerItemDescription><SoldByWeight/><Quantity>250.00</Quantity><UnitOfMeasure>גרם     </UnitOfMeasure><QtyInPackage>לא ידוע</QtyInPackage><UnitOfMeasurePrice>0.0908</UnitOfMeasurePrice><AllowDiscount>1</AllowDiscount><ItemStatus>1</ItemStatus><ItemPrice>22.70</ItemPrice></item><item><PriceUpdateDate>2016-02-15 07:37:44</PriceUpdateDate><ItemCode>7290004121488</ItemCode><ItemType>1</ItemType><ItemName>יופלה דיאט אפרסק 0%</ItemName><ManufacturerName>יופלה</ManufacturerName><ManufactureCountry>ישראל</ManufactureCountry><ManufacturerItemDescription>יופלה דיאט אפרסק 150 גרם</ManufacturerItemDescription><SoldByWeight/><Quantity>150.00</Quantity><UnitOfMeasure>גרם     </UnitOfMeasure><QtyInPackage>לא ידוע</QtyInPackage><UnitOfMeasurePrice>0.0353</UnitOfMeasurePrice><AllowDiscount>1</AllowDiscount><ItemStatus>1</ItemStatus><ItemPrice>5.30</ItemPrice></item><item><PriceUpdateDate>2016-05-01 12:06:53</PriceUpdateDate><ItemCode>7290004121525</ItemCode><ItemType>1</ItemType><ItemName>מאגדת יופלה3% אפרסק/</ItemName><ManufacturerName>יופלה</ManufacturerName><ManufactureCountry>ישראל</ManufactureCountry><ManufacturerItemDescription>מאגדת יופלה3% אפרסק/</ManufacturerItemDescription><SoldByWeight/><Quantity>2880.00</Quantity><UnitOfMeasure>מ"ל</UnitOfMeasure><QtyInPackage>לא ידוע</QtyInPackage><UnitOfMeasurePrice>0.0110</UnitOfMeasurePrice><AllowDiscount>1</AllowDiscount><ItemStatus>1</ItemStatus><ItemPrice>31.60</ItemPrice></item><item><PriceUpdateDate>2016-02-15 07:37:44</PriceUpdateDate><ItemCode>7290004121754</ItemCode><ItemType>1</ItemType><ItemName>יופלה עוגת גבינה 3%</ItemName><ManufacturerName>יופלה</ManufacturerName><ManufactureCountry>ישראל</ManufactureCountry><ManufacturerItemDescription>יופלה עוגת קרם גבינה ותות</ManufacturerItemDescription><SoldByWeight/><Quantity>150.00</Quantity><UnitOfMeasure>גרם     </UnitOfMeasure><QtyInPackage>לא ידוע</QtyInPackage><UnitOfMeasurePrice>0.0353</UnitOfMeasurePrice><AllowDiscount>1</AllowDiscount><ItemStatus>1</ItemStatus><ItemPrice>5.30</ItemPrice></item><item><PriceUpdateDate>2016-03-29 07:10:56</PriceUpdateDate><ItemCode>7290004121853</ItemCode><ItemType>1</ItemType><ItemName>קוביות בולגרית 5% פי</ItemName><ManufacturerName>פיראוס</ManufacturerName><ManufactureCountry>ישראל</ManufactureCountry><ManufacturerItemDescription>גבינה בולגרית קוביות פירא</ManufacturerItemDescription><SoldByWeight/><Quantity>200.00</Quantity><UnitOfMeasure>גרם     </UnitOfMeasure><QtyInPackage>לא ידוע</QtyInPackage><UnitOfMeasurePrice>0.1075</UnitOfMeasurePrice><AllowDiscount>1</AllowDiscount><ItemStatus>1</ItemStatus><ItemPrice>21.50</ItemPrice></item><item><PriceUpdateDate>2015-10-22 08:04:47</PriceUpdateDate><ItemCode>7290004122089</ItemCode><ItemType>1</ItemType><ItemName>גבינת עמק פתיתים 200</ItemName><ManufacturerName>שף לבן</ManufacturerName><ManufactureCountry>ישראל</ManufactureCountry><ManufacturerItemDescription>פתיתי עמק למאפים 200 גרם</ManufacturerItemDescription><SoldByWeight/><Quantity>200.00</Quantity><UnitOfMeasure>גרם     </UnitOfMeasure><QtyInPackage>לא ידוע</QtyInPackage><UnitOfMeasurePrice>0.0730</UnitOfMeasurePrice><AllowDiscount>1</AllowDiscount><ItemStatus>1</ItemStatus><ItemPrice>14.60</ItemPrice></item><item><PriceUpdateDate>2015-10-22 08:04:47</PriceUpdateDate><ItemCode>7290004122119</ItemCode><ItemType>1</ItemType><ItemName>גבינת פתיתי פרמזן לפ</ItemName><ManufacturerName>שף לבן</ManufacturerName><ManufactureCountry>ישראל</ManufactureCountry><ManufacturerItemDescription>פרמזן פתיתים100 גר</ManufacturerItemDescription><SoldByWeight/><Quantity>1000.00</Quantity><UnitOfMeasure>גרם     </UnitOfMeasure><QtyInPackage>לא ידוע</QtyInPackage><UnitOfMeasurePrice>0.0122</UnitOfMeasurePrice><AllowDiscount>1</AllowDiscount><ItemStatus>1</ItemStatus><ItemPrice>12.20</ItemPrice></item><item><PriceUpdateDate>2016-02-17 06:20:59</PriceUpdateDate><ItemCode>7290004122195</ItemCode><ItemType>1</ItemType><ItemName>צהובה גוש חלב 28% פר</ItemName><ManufacturerName>גוש חלב</ManufacturerName><ManufactureCountry>ישראל</ManufactureCountry><ManufacturerItemDescription>צהובה גוש חלב 28% פר</ManufacturerItemDescription><SoldByWeight/><Quantity>200.00</Quantity><UnitOfMeasure>גרם     </UnitOfMeasure><QtyInPackage>לא ידוע</QtyInPackage><UnitOfMeasurePrice>0.0695</UnitOfMeasurePrice><AllowDiscount>1</AllowDiscount><ItemStatus>1</ItemStatus><ItemPrice>13.90</ItemPrice></item><item><PriceUpdateDate>2015-09-30 23:47:46</PriceUpdateDate><ItemCode>7290004122270</ItemCode><ItemType>1</ItemType><ItemName>גבינה עמק פרוס 200 ג</ItemName><ManufacturerName>עמק</ManufacturerName><ManufactureCountry>ישראל</ManufactureCountry><ManufacturerItemDescription>גבינה עמק פרוס פתיחה חוזר</ManufacturerItemDescription><SoldByWeight/><Quantity>200.00</Quantity><UnitOfMeasure>גרם     </UnitOfMeasure><QtyInPackage>לא ידוע</QtyInPackage><UnitOfMeasurePrice>0.0765</UnitOfMeasurePrice><AllowDiscount>1</AllowDiscount><ItemStatus>1</ItemStatus><ItemPrice>15.30</ItemPrice></item><item><PriceUpdateDate>2015-10-13 11:27:35</PriceUpdateDate><ItemCode>7290004122348</ItemCode><ItemType>1</ItemType><ItemName>גבינת עמק לייט 9% 20</ItemName><ManufacturerName>עמק</ManufacturerName><ManufactureCountry>ישראל</ManufactureCountry><ManufacturerItemDescription>גבינה קשה עמק לייט200 9%</ManufacturerItemDescription><SoldByWeight/><Quantity>200.00</Quantity><UnitOfMeasure>גרם     </UnitOfMeasure><QtyInPackage>לא ידוע</QtyInPackage><UnitOfMeasurePrice>0.0835</UnitOfMeasurePrice><AllowDiscount>1</AllowDiscount><ItemStatus>1</ItemStatus><ItemPrice>16.70</ItemPrice></item><item><PriceUpdateDate>2015-10-13 11:27:35</PriceUpdateDate><ItemCode>7290004122560</ItemCode><ItemType>1</ItemType><ItemName>פתיתי עמק למאפה השף</ItemName><ManufacturerName>שף לבן</ManufacturerName><ManufactureCountry>ישראל</ManufactureCountry><ManufacturerItemDescription>פתיתי עמק למאפה השף</ManufacturerItemDescription><SoldByWeight/><Quantity>500.00</Quantity><UnitOfMeasure>גרם     </UnitOfMeasure><QtyInPackage>לא ידוע</QtyInPackage><UnitOfMeasurePrice>0.0668</UnitOfMeasurePrice><AllowDiscount>1</AllowDiscount><ItemStatus>1</ItemStatus><ItemPrice>33.40</ItemPrice></item><item><PriceUpdateDate>2015-10-22 08:04:47</PriceUpdateDate><ItemCode>7290004122683</ItemCode><ItemType>1</ItemType><ItemName>אצבעות עמק 172 גרם</ItemName><ManufacturerName>עמק</ManufacturerName><ManufactureCountry>ישראל</ManufactureCountry><ManufacturerItemDescription>אצבעות גבינה עמק 172 גרם</ManufacturerItemDescription><SoldByWeight/><Quantity>172.00</Quantity><UnitOfMeasure>גרם     </UnitOfMeasure><QtyInPackage>לא ידוע</QtyInPackage><UnitOfMeasurePrice>0.0959</UnitOfMeasurePrice><AllowDiscount>1</AllowDiscount><ItemStatus>1</ItemStatus><ItemPrice>16.50</ItemPrice></item><item><PriceUpdateDate>2015-09-30 23:47:46</PriceUpdateDate><ItemCode>7290004123284</ItemCode><ItemType>1</ItemType><ItemName>גבינה לבנה רכה 5% לל</ItemName><ManufacturerName>גבינות תנובה</ManufacturerName><ManufactureCountry>ישראל</ManufactureCountry><ManufacturerItemDescription>גבינה לבנה רכה 5% לל</ManufacturerItemDescription><SoldByWeight/><Quantity>250.00</Quantity><UnitOfMeasure>גרם     </UnitOfMeasure><QtyInPackage>לא ידוע</QtyInPackage><UnitOfMeasurePrice>0.0192</UnitOfMeasurePrice><AllowDiscount>1</AllowDiscount><ItemStatus>1</ItemStatus><ItemPrice>4.80</ItemPrice></item><item><PriceUpdateDate>2016-02-15 07:37:44</PriceUpdateDate><ItemCode>7290004124205</ItemCode><ItemType>1</ItemType><ItemName>יופלה דיאט תות 0% 15</ItemName><ManufacturerName>יופלה</ManufacturerName><ManufactureCountry>ישראל</ManufactureCountry><ManufacturerItemDescription>יופלה דיאט תות 150 מל</ManufacturerItemDescription><SoldByWeight/><Quantity>150.00</Quantity><UnitOfMeasure>גרם     </UnitOfMeasure><QtyInPackage>לא ידוע</QtyInPackage><UnitOfMeasurePrice>0.0353</UnitOfMeasurePrice><AllowDiscount>1</AllowDiscount><ItemStatus>1</ItemStatus><ItemPrice>5.30</ItemPrice></item><item><PriceUpdateDate>2016-02-15 07:37:44</PriceUpdateDate><ItemCode>7290004124892</ItemCode><ItemType>1</ItemType><ItemName>יופלה פירות יבשים 4%</ItemName><ManufacturerName>יופלה</ManufacturerName><ManufactureCountry>ישראל</ManufactureCountry><ManufacturerItemDescription>יופלה פירות יבשים 150 4%</ManufacturerItemDescription><SoldByWeight/><Quantity>150.00</Quantity><UnitOfMeasure>גרם     </UnitOfMeasure><QtyInPackage>לא ידוע</QtyInPackage><UnitOfMeasurePrice>0.0353</UnitOfMeasurePrice><AllowDiscount>1</AllowDiscount><ItemStatus>1</ItemStatus><ItemPrice>5.30</ItemPrice></item><item><PriceUpdateDate>2015-10-13 11:27:35</PriceUpdateDate><ItemCode>7290004125370</ItemCode><ItemType>1</ItemType><ItemName>שמנת תנובה 9% שומן</ItemName><ManufacturerName>חלב תנובה</ManufacturerName><ManufactureCountry>ישראל</ManufactureCountry><ManufacturerItemDescription>שמנת תנובה 200 9% מל</ManufacturerItemDescription><SoldByWeight/><Quantity>200.00</Quantity><UnitOfMeasure>מ"ל</UnitOfMeasure><QtyInPackage>לא ידוע</QtyInPackage><UnitOfMeasurePrice>0.0185</UnitOfMeasurePrice><AllowDiscount>1</AllowDiscount><ItemStatus>1</ItemStatus><ItemPrice>3.70</ItemPrice></item><item><PriceUpdateDate>2016-02-11 11:10:55</PriceUpdateDate><ItemCode>7290004125400</ItemCode><ItemType>1</ItemType><ItemName>אשל לבן 4.5% 200 מ"ל</ItemName><ManufacturerName>אשל</ManufacturerName><ManufactureCountry>ישראל</ManufactureCountry><ManufacturerItemDescription>שלי אשל200 מל מהדרין פיקו</ManufacturerItemDescription><SoldByWeight/><Quantity>200.00</Quantity><UnitOfMeasure>מ"ל</UnitOfMeasure><QtyInPackage>לא ידוע</QtyInPackage><UnitOfMeasurePrice>0.0078</UnitOfMeasurePrice><AllowDiscount>1</AllowDiscount><ItemStatus>1</ItemStatus><ItemPrice>1.55</ItemPrice></item><item><PriceUpdateDate>2016-02-11 11:10:55</PriceUpdateDate><ItemCode>7290004125417</ItemCode><ItemType>1</ItemType><ItemName>גיל לבן 3% 200 מ"ל ת</ItemName><ManufacturerName>גיל</ManufacturerName><ManufactureCountry>ישראל</ManufactureCountry><ManufacturerItemDescription>שלי גיל200 מל    פיקוח</ManufacturerItemDescription><SoldByWeight/><Quantity>200.00</Quantity><UnitOfMeasure>מ"ל</UnitOfMeasure><QtyInPackage>לא ידוע</QtyInPackage><UnitOfMeasurePrice>0.0070</UnitOfMeasurePrice><AllowDiscount>1</AllowDiscount><ItemStatus>1</ItemStatus><ItemPrice>1.40</ItemPrice></item><item><PriceUpdateDate>2016-02-11 11:10:55</PriceUpdateDate><ItemCode>7290004125455</ItemCode><ItemType>1</ItemType><ItemName>שמנת תנובה 15% 200 מ</ItemName><ManufacturerName>חלב תנובה</ManufacturerName><ManufactureCountry>ישראל</ManufactureCountry><ManufacturerItemDescription>שמנת תנובה200 15% מל  פיק</ManufacturerItemDescription><SoldByWeight/><Quantity>200.00</Quantity><UnitOfMeasure>מ"ל</UnitOfMeasure><QtyInPackage>לא ידוע</QtyInPackage><UnitOfMeasurePrice>0.0110</UnitOfMeasurePrice><AllowDiscount>1</AllowDiscount><ItemStatus>1</ItemStatus><ItemPrice>2.20</ItemPrice></item><item><PriceUpdateDate>2015-07-24 07:07:37</PriceUpdateDate><ItemCode>7290004125509</ItemCode><ItemType>1</ItemType><ItemName>שמנת אורגינל 15% חצי</ItemName><ManufacturerName>חלב תנובה</ManufacturerName><ManufactureCountry>ישראל</ManufactureCountry><ManufacturerItemDescription>שמנת תנובה 15% חצי מנה 10</ManufacturerItemDescription><SoldByWeight/><Quantity>100.00</Quantity><UnitOfMeasure>מ"ל</UnitOfMeasure><QtyInPackage>לא ידוע</QtyInPackage><UnitOfMeasurePrice>0.0190</UnitOfMeasurePrice><AllowDiscount>1</AllowDiscount><ItemStatus>1</ItemStatus><ItemPrice>1.90</ItemPrice></item><item><PriceUpdateDate>2016-03-16 14:01:04</PriceUpdateDate><ItemCode>7290004125578</ItemCode><ItemType>1</ItemType><ItemName>משקה סויה מעושר בסיד</ItemName><ManufacturerName>סו תנובה</ManufacturerName><ManufactureCountry>ישראל</ManufactureCountry><ManufacturerItemDescription>משקה סויה מועשר בסידן 1 ל</ManufacturerItemDescription><SoldByWeight/><Quantity>1000.00</Quantity><UnitOfMeasure>מ"ל</UnitOfMeasure><QtyInPackage>לא ידוע</QtyInPackage><UnitOfMeasurePrice>0.0105</UnitOfMeasurePrice><AllowDiscount>0</AllowDiscount><ItemStatus>1</ItemStatus><ItemPrice>10.50</ItemPrice></item><item><PriceUpdateDate>2016-03-16 14:01:04</PriceUpdateDate><ItemCode>7290004125585</ItemCode><ItemType>1</ItemType><ItemName>משקה סויה על הבוקר 1</ItemName><ManufacturerName>סו תנובה</ManufacturerName><ManufactureCountry>ישראל</ManufactureCountry><ManufacturerItemDescription>משקה סויה על הבוקר וניל 1</ManufacturerItemDescription><SoldByWeight/><Quantity>1000.00</Quantity><UnitOfMeasure>מ"ל</UnitOfMeasure><QtyInPackage>לא ידוע</QtyInPackage><UnitOfMeasurePrice>0.0105</UnitOfMeasurePrice><AllowDiscount>0</AllowDiscount><ItemStatus>1</ItemStatus><ItemPrice>10.50</ItemPrice></item><item><PriceUpdateDate>2016-02-17 06:20:59</PriceUpdateDate><ItemCode>7290004125721</ItemCode><ItemType>1</ItemType><ItemName>שמנת לבישול15% השף ה</ItemName><ManufacturerName>שף לבן</ManufacturerName><ManufactureCountry>ישראל</ManufactureCountry><ManufacturerItemDescription>שמנת לבישול 250 15% מל</ManufacturerItemDescription><SoldByWeight/><Quantity>250.00</Quantity><UnitOfMeasure>מ"ל</UnitOfMeasure><QtyInPackage>לא ידוע</QtyInPackage><UnitOfMeasurePrice>0.0376</UnitOfMeasurePrice><AllowDiscount>1</AllowDiscount><ItemStatus>1</ItemStatus><ItemPrice>9.40</ItemPrice></item><item><PriceUpdateDate>2016-02-25 06:59:49</PriceUpdateDate><ItemCode>7290004125738</ItemCode><ItemType>1</ItemType><ItemName>שמנת להקצפה 32% 250</ItemName><ManufacturerName>שף לבן</ManufacturerName><ManufactureCountry>ישראל</ManufactureCountry><ManufacturerItemDescription>שמנת להקצפה 250 - 32% מל</ManufacturerItemDescription><SoldByWeight/><Quantity>250.00</Quantity><UnitOfMeasure>מ"ל</UnitOfMeasure><QtyInPackage>לא ידוע</QtyInPackage><UnitOfMeasurePrice>0.0276</UnitOfMeasurePrice><AllowDiscount>1</AllowDiscount><ItemStatus>1</ItemStatus><ItemPrice>6.90</ItemPrice></item><item><PriceUpdateDate>2016-02-17 06:20:59</PriceUpdateDate><ItemCode>7290004125776</ItemCode><ItemType>1</ItemType><ItemName>עמק פרוס בקופסא 400</ItemName><ManufacturerName>עמק</ManufacturerName><ManufactureCountry>ישראל</ManufactureCountry><ManufacturerItemDescription>גבינהקשה עמק 400 28% גרם</ManufacturerItemDescription><SoldByWeight/><Quantity>400.00</Quantity><UnitOfMeasure>גרם     </UnitOfMeasure><QtyInPackage>לא ידוע</QtyInPackage><UnitOfMeasurePrice>0.0722</UnitOfMeasurePrice><AllowDiscount>1</AllowDiscount><ItemStatus>1</ItemStatus><ItemPrice>28.90</ItemPrice></item><item><PriceUpdateDate>2016-02-15 07:37:44</PriceUpdateDate><ItemCode>7290004126759</ItemCode><ItemType>1</ItemType><ItemName>יופלה דיאט פירות יער</ItemName><ManufacturerName>יופלה</ManufacturerName><ManufactureCountry>ישראל</ManufactureCountry><ManufacturerItemDescription>יופלה דיאט פירות יער 150</ManufacturerItemDescription><SoldByWeight/><Quantity>150.00</Quantity><UnitOfMeasure>גרם     </UnitOfMeasure><QtyInPackage>לא ידוע</QtyInPackage><UnitOfMeasurePrice>0.0353</UnitOfMeasurePrice><AllowDiscount>1</AllowDiscount><ItemStatus>1</ItemStatus><ItemPrice>5.30</ItemPrice></item><item><PriceUpdateDate>2016-05-01 10:26:07</PriceUpdateDate><ItemCode>7290004126872</ItemCode><ItemType>1</ItemType><ItemName>מב שוקו תנובה 250 מ"</ItemName><ManufacturerName>שוק</ManufacturerName><ManufactureCountry>ישראל</ManufactureCountry><ManufacturerItemDescription>שוקו בקבוק 250 מל מהדרין</ManufacturerItemDescription><SoldByWeight/><Quantity>250.00</Quantity><UnitOfMeasure>מ"ל</UnitOfMeasure><QtyInPackage>לא ידוע</QtyInPackage><UnitOfMeasurePrice>0.0156</UnitOfMeasurePrice><AllowDiscount>1</AllowDiscount><ItemStatus>1</ItemStatus><ItemPrice>3.90</ItemPrice></item><item><PriceUpdateDate>2015-11-13 10:56:33</PriceUpdateDate><ItemCode>7290004127077</ItemCode><ItemType>1</ItemType><ItemName>קוטג' 3% מהדרין 250</ItemName><ManufacturerName>קוטג תנובה</ManufacturerName><ManufactureCountry>ישראל</ManufactureCountry><ManufacturerItemDescription>קוטג 250 3% גרם</ManufacturerItemDescription><SoldByWeight/><Quantity>250.00</Quantity><UnitOfMeasure>גרם     </UnitOfMeasure><QtyInPackage>לא ידוע</QtyInPackage><UnitOfMeasurePrice>0.0228</UnitOfMeasurePrice><AllowDiscount>1</AllowDiscount><ItemStatus>1</ItemStatus><ItemPrice>5.70</ItemPrice></item><item><PriceUpdateDate>2015-09-30 23:47:46</PriceUpdateDate><ItemCode>7290004127329</ItemCode><ItemType>1</ItemType><ItemName>קוטג' 5% מהדרין 250</ItemName><ManufacturerName>קוטג תנובה</ManufacturerName><ManufactureCountry>ישראל</ManufactureCountry><ManufacturerItemDescription>קוטג250 5% גר.בעלז</ManufacturerItemDescription><SoldByWeight/><Quantity>250.00</Quantity><UnitOfMeasure>גרם     </UnitOfMeasure><QtyInPackage>לא ידוע</QtyInPackage><UnitOfMeasurePrice>0.0228</UnitOfMeasurePrice><AllowDiscount>1</AllowDiscount><ItemStatus>1</ItemStatus><ItemPrice>5.70</ItemPrice></item><item><PriceUpdateDate>2015-11-13 10:56:33</PriceUpdateDate><ItemCode>7290004127336</ItemCode><ItemType>1</ItemType><ItemName>קוטג' 9% 250 גרם תנו</ItemName><ManufacturerName>קוטג תנובה</ManufacturerName><ManufactureCountry>ישראל</ManufactureCountry><ManufacturerItemDescription>קוטג250 9% גרם בעלז</ManufacturerItemDescription><SoldByWeight/><Quantity>250.00</Quantity><UnitOfMeasure>גרם     </UnitOfMeasure><QtyInPackage>לא ידוע</QtyInPackage><UnitOfMeasurePrice>0.0228</UnitOfMeasurePrice><AllowDiscount>1</AllowDiscount><ItemStatus>1</ItemStatus><ItemPrice>5.70</ItemPrice></item><item><PriceUpdateDate>2016-02-11 11:10:55</PriceUpdateDate><ItemCode>7290004127800</ItemCode><ItemType>1</ItemType><ItemName>גבינה לבנה 5% 500 גר</ItemName><ManufacturerName>גבינות תנובה</ManufacturerName><ManufactureCountry>ישראל</ManufactureCountry><ManufacturerItemDescription>גבינה למריחה 500 5% גרם</ManufacturerItemDescription><SoldByWeight/><Quantity>500.00</Quantity><UnitOfMeasure>גרם     </UnitOfMeasure><QtyInPackage>לא ידוע</QtyInPackage><UnitOfMeasurePrice>0.0184</UnitOfMeasurePrice><AllowDiscount>1</AllowDiscount><ItemStatus>1</ItemStatus><ItemPrice>9.20</ItemPrice></item><item><PriceUpdateDate>2015-10-13 11:27:35</PriceUpdateDate><ItemCode>7290004127817</ItemCode><ItemType>1</ItemType><ItemName>גבינה לבנה 9% 500 גר</ItemName><ManufacturerName>גבינות תנובה</ManufacturerName><ManufactureCountry>ישראל</ManufactureCountry><ManufacturerItemDescription>גבינה לבנה 9% 500 גר</ManufacturerItemDescription><SoldByWeight/><Quantity>500.00</Quantity><UnitOfMeasure>גרם     </UnitOfMeasure><QtyInPackage>לא ידוע</QtyInPackage><UnitOfMeasurePrice>0.0198</UnitOfMeasurePrice><AllowDiscount>1</AllowDiscount><ItemStatus>1</ItemStatus><ItemPrice>9.90</ItemPrice></item><item><PriceUpdateDate>2016-02-11 11:10:55</PriceUpdateDate><ItemCode>7290004127862</ItemCode><ItemType>1</ItemType><ItemName>גבינה לבנה 5% 750 גר</ItemName><ManufacturerName>גבינות תנובה</ManufacturerName><ManufactureCountry>ישראל</ManufactureCountry><ManufacturerItemDescription>גבינה לבנה 5% 750 גר</ManufacturerItemDescription><SoldByWeight/><Quantity>750.00</Quantity><UnitOfMeasure>גרם     </UnitOfMeasure><QtyInPackage>לא ידוע</QtyInPackage><UnitOfMeasurePrice>0.0184</UnitOfMeasurePrice><AllowDiscount>1</AllowDiscount><ItemStatus>1</ItemStatus><ItemPrice>13.80</ItemPrice></item><item><PriceUpdateDate>2015-10-22 08:04:47</PriceUpdateDate><ItemCode>7290004127916</ItemCode><ItemType>1</ItemType><ItemName>גבינה לבנה 1/2% 500</ItemName><ManufacturerName>גבינות תנובה</ManufacturerName><ManufactureCountry>ישראל</ManufactureCountry><ManufacturerItemDescription>גבינה לבנה 1/2% 500</ManufacturerItemDescription><SoldByWeight/><Quantity>500.00</Quantity><UnitOfMeasure>גרם     </UnitOfMeasure><QtyInPackage>לא ידוע</QtyInPackage><UnitOfMeasurePrice>0.0198</UnitOfMeasurePrice><AllowDiscount>1</AllowDiscount><ItemStatus>1</ItemStatus><ItemPrice>9.90</ItemPrice></item><item><PriceUpdateDate>2015-11-13 10:56:49</PriceUpdateDate><ItemCode>7290004128333</ItemCode><ItemType>1</ItemType><ItemName>לאבנה פיראוס 500 גרם</ItemName><ManufacturerName>פיראוס</ManufacturerName><ManufactureCountry>ישראל</ManufactureCountry><ManufacturerItemDescription>לאבנה פיראוס 500 גרם</ManufacturerItemDescription><SoldByWeight/><Quantity>500.00</Quantity><UnitOfMeasure>גרם     </UnitOfMeasure><QtyInPackage>לא ידוע</QtyInPackage><UnitOfMeasurePrice>0.0406</UnitOfMeasurePrice><AllowDiscount>1</AllowDiscount><ItemStatus>1</ItemStatus><ItemPrice>20.30</ItemPrice></item><item><PriceUpdateDate>2016-05-01 12:06:54</PriceUpdateDate><ItemCode>7290004128340</ItemCode><ItemType>1</ItemType><ItemName>גבינת קרם שמנת 5% טע</ItemName><ManufacturerName>גבינות תנובה</ManufacturerName><ManufactureCountry>ישראל</ManufactureCountry><ManufacturerItemDescription>גבינת שמנת 200 5% גרם</ManufacturerItemDescription><SoldByWeight/><Quantity>200.00</Quantity><UnitOfMeasure>גרם     </UnitOfMeasure><QtyInPackage>לא ידוע</QtyInPackage><UnitOfMeasurePrice>0.0610</UnitOfMeasurePrice><AllowDiscount>1</AllowDiscount><ItemStatus>1</ItemStatus><ItemPrice>12.20</ItemPrice></item><item><PriceUpdateDate>2016-05-01 12:06:54</PriceUpdateDate><ItemCode>7290004128364</ItemCode><ItemType>1</ItemType><ItemName>גבינת קרם שמנת 5% עם</ItemName><ManufacturerName>גבינות תנובה</ManufacturerName><ManufactureCountry>ישראל</ManufactureCountry><ManufacturerItemDescription>גבינת שמנת 5% זיתים 200 ג</ManufacturerItemDescription><SoldByWeight/><Quantity>200.00</Quantity><UnitOfMeasure>גרם     </UnitOfMeasure><QtyInPackage>לא ידוע</QtyInPackage><UnitOfMeasurePrice>0.0610</UnitOfMeasurePrice><AllowDiscount>1</AllowDiscount><ItemStatus>1</ItemStatus><ItemPrice>12.20</ItemPrice></item><item><PriceUpdateDate>2015-10-22 08:04:47</PriceUpdateDate><ItemCode>7290004128432</ItemCode><ItemType>1</ItemType><ItemName>פתיתים מיוחדים לפיצה</ItemName><ManufacturerName>שף לבן</ManufacturerName><ManufactureCountry>ישראל</ManufactureCountry><ManufacturerItemDescription>פתיתים מיוחדים לפיצה</ManufacturerItemDescription><SoldByWeight/><Quantity>500.00</Quantity><UnitOfMeasure>גרם     </UnitOfMeasure><QtyInPackage>לא ידוע</QtyInPackage><UnitOfMeasurePrice>0.0446</UnitOfMeasurePrice><AllowDiscount>1</AllowDiscount><ItemStatus>1</ItemStatus><ItemPrice>22.30</ItemPrice></item><item><PriceUpdateDate>2016-03-14 07:34:21</PriceUpdateDate><ItemCode>7290004129101</ItemCode><ItemType>1</ItemType><ItemName>גבינת נפוליאון טבעי</ItemName><ManufacturerName>נפוליאון</ManufacturerName><ManufactureCountry>ישראל</ManufactureCountry><ManufacturerItemDescription>גבינהשמנ.נפולאון טעם טבעי</ManufacturerItemDescription><SoldByWeight/><Quantity>225.00</Quantity><UnitOfMeasure>גרם     </UnitOfMeasure><QtyInPackage>לא ידוע</QtyInPackage><UnitOfMeasurePrice>0.0631</UnitOfMeasurePrice><AllowDiscount>1</AllowDiscount><ItemStatus>1</ItemStatus><ItemPrice>14.20</ItemPrice></item><item><PriceUpdateDate>2016-03-14 07:34:21</PriceUpdateDate><ItemCode>7290004129118</ItemCode><ItemType>1</ItemType><ItemName>גבינת נפוליאון בטעם</ItemName><ManufacturerName>נפוליאון</ManufacturerName><ManufactureCountry>ישראל</ManufactureCountry><ManufacturerItemDescription>גבינהשמנ.נפולאון זיתים 22</ManufacturerItemDescription><SoldByWeight/><Quantity>225.00</Quantity><UnitOfMeasure>גרם     </UnitOfMeasure><QtyInPackage>לא ידוע</QtyInPackage><UnitOfMeasurePrice>0.0631</UnitOfMeasurePrice><AllowDiscount>1</AllowDiscount><ItemStatus>1</ItemStatus><ItemPrice>14.20</ItemPrice></item><item><PriceUpdateDate>2016-03-14 07:34:21</PriceUpdateDate><ItemCode>7290004129156</ItemCode><ItemType>1</ItemType><ItemName>גבינת נפוליאון בטעם</ItemName><ManufacturerName>נפוליאון</ManufacturerName><ManufactureCountry>ישראל</ManufactureCountry><ManufacturerItemDescription>גבינהשמנ.נפולאון שום שמיר</ManufacturerItemDescription><SoldByWeight/><Quantity>225.00</Quantity><UnitOfMeasure>גרם     </UnitOfMeasure><QtyInPackage>לא ידוע</QtyInPackage><UnitOfMeasurePrice>0.0631</UnitOfMeasurePrice><AllowDiscount>1</AllowDiscount><ItemStatus>1</ItemStatus><ItemPrice>14.20</ItemPrice></item><item><PriceUpdateDate>2015-10-13 11:27:35</PriceUpdateDate><ItemCode>7290004129668</ItemCode><ItemType>1</ItemType><ItemName>יופלה עם פצפוצי שוקו</ItemName><ManufacturerName>יופלה</ManufacturerName><ManufactureCountry>ישראל</ManufactureCountry><ManufacturerItemDescription>יופלה 3% פצפוצים מכסה מעל</ManufacturerItemDescription><SoldByWeight/><Quantity>167.00</Quantity><UnitOfMeasure>גרם     </UnitOfMeasure><QtyInPackage>לא ידוע</QtyInPackage><UnitOfMeasurePrice>0.0341</UnitOfMeasurePrice><AllowDiscount>1</AllowDiscount><ItemStatus>1</ItemStatus><ItemPrice>5.70</ItemPrice></item><item><PriceUpdateDate>2015-10-13 11:27:35</PriceUpdateDate><ItemCode>7290004129736</ItemCode><ItemType>1</ItemType><ItemName>יופלה לבן מעודן 1.5%</ItemName><ManufacturerName>יופלה</ManufacturerName><ManufactureCountry>ישראל</ManufactureCountry><ManufacturerItemDescription>יוגורט יופלה לבן 1.5% מעו</ManufacturerItemDescription><SoldByWeight/><Quantity>200.00</Quantity><UnitOfMeasure>מ"ל</UnitOfMeasure><QtyInPackage>לא ידוע</QtyInPackage><UnitOfMeasurePrice>0.0225</UnitOfMeasurePrice><AllowDiscount>1</AllowDiscount><ItemStatus>1</ItemStatus><ItemPrice>4.50</ItemPrice></item><item><PriceUpdateDate>2015-10-13 11:27:35</PriceUpdateDate><ItemCode>7290004129767</ItemCode><ItemType>1</ItemType><ItemName>מאגדת יופלה 3% לבן 8</ItemName><ManufacturerName>יופלה</ManufacturerName><ManufactureCountry>ישראל</ManufactureCountry><ManufacturerItemDescription>מאגדת יופלה 3% לבן 8</ManufacturerItemDescription><SoldByWeight/><Quantity>1200.00</Quantity><UnitOfMeasure>גרם     </UnitOfMeasure><QtyInPackage>לא ידוע</QtyInPackage><UnitOfMeasurePrice>0.0154</UnitOfMeasurePrice><AllowDiscount>1</AllowDiscount><ItemStatus>1</ItemStatus><ItemPrice>18.50</ItemPrice></item><item><PriceUpdateDate>2016-03-16 14:01:04</PriceUpdateDate><ItemCode>7290004130794</ItemCode><ItemType>1</ItemType><ItemName>משקה סויה מועשר בטעם</ItemName><ManufacturerName>סו תנובה</ManufacturerName><ManufactureCountry>ישראל</ManufactureCountry><ManufacturerItemDescription>משקה סויה מועשר מופחת מתי</ManufacturerItemDescription><SoldByWeight/><Quantity>1000.00</Quantity><UnitOfMeasure>מ"ל</UnitOfMeasure><QtyInPackage>לא ידוע</QtyInPackage><UnitOfMeasurePrice>0.0105</UnitOfMeasurePrice><AllowDiscount>0</AllowDiscount><ItemStatus>1</ItemStatus><ItemPrice>10.50</ItemPrice></item><item><PriceUpdateDate>2016-02-15 07:37:44</PriceUpdateDate><ItemCode>7290004130916</ItemCode><ItemType>1</ItemType><ItemName>יופלה פירות יער בשמנ</ItemName><ManufacturerName>יופלה</ManufacturerName><ManufactureCountry>ישראל</ManufactureCountry><ManufacturerItemDescription>יופלה פירות יער שמנת</ManufacturerItemDescription><SoldByWeight/><Quantity>150.00</Quantity><UnitOfMeasure>גרם     </UnitOfMeasure><QtyInPackage>לא ידוע</QtyInPackage><UnitOfMeasurePrice>0.0353</UnitOfMeasurePrice><AllowDiscount>1</AllowDiscount><ItemStatus>1</ItemStatus><ItemPrice>5.30</ItemPrice></item><item><PriceUpdateDate>2015-10-22 08:04:47</PriceUpdateDate><ItemCode>7290004131227</ItemCode><ItemType>1</ItemType><ItemName>גבינה לבנה 3% 500 גר</ItemName><ManufacturerName>גבינות תנובה</ManufacturerName><ManufactureCountry>ישראל</ManufactureCountry><ManufacturerItemDescription>גבינה לבנה 3% 500 גר</ManufacturerItemDescription><SoldByWeight/><Quantity>500.00</Quantity><UnitOfMeasure>גרם     </UnitOfMeasure><QtyInPackage>לא ידוע</QtyInPackage><UnitOfMeasurePrice>0.0198</UnitOfMeasurePrice><AllowDiscount>1</AllowDiscount><ItemStatus>1</ItemStatus><ItemPrice>9.90</ItemPrice></item><item><PriceUpdateDate>2016-03-16 14:01:04</PriceUpdateDate><ItemCode>7290004131432</ItemCode><ItemType>1</ItemType><ItemName>יופלה ביו 3% לבן 200</ItemName><ManufacturerName>יופלה</ManufacturerName><ManufactureCountry>ישראל</ManufactureCountry><ManufacturerItemDescription>יוגורט יופלה לבן 200 3% ג</ManufacturerItemDescription><SoldByWeight/><Quantity>200.00</Quantity><UnitOfMeasure>גרם     </UnitOfMeasure><QtyInPackage>לא ידוע</QtyInPackage><UnitOfMeasurePrice>0.0185</UnitOfMeasurePrice><AllowDiscount>1</AllowDiscount><ItemStatus>1</ItemStatus><ItemPrice>3.70</ItemPrice></item><item><PriceUpdateDate>2015-10-22 08:04:47</PriceUpdateDate><ItemCode>7290004131456</ItemCode><ItemType>1</ItemType><ItemName>יופלה ביו 1.5% לבן 2</ItemName><ManufacturerName>יופלה</ManufacturerName><ManufactureCountry>ישראל</ManufactureCountry><ManufacturerItemDescription>יוגורט יופלה לבן 200 1.5%</ManufacturerItemDescription><SoldByWeight/><Quantity>200.00</Quantity><UnitOfMeasure>גרם     </UnitOfMeasure><QtyInPackage>לא ידוע</QtyInPackage><UnitOfMeasurePrice>0.0200</UnitOfMeasurePrice><AllowDiscount>1</AllowDiscount><ItemStatus>1</ItemStatus><ItemPrice>4.00</ItemPrice></item><item><PriceUpdateDate>2016-05-01 12:06:54</PriceUpdateDate><ItemCode>7290004131531</ItemCode><ItemType>1</ItemType><ItemName>מב שוקו תנובה 1 ליטר</ItemName><ManufacturerName>שוק</ManufacturerName><ManufactureCountry>ישראל</ManufactureCountry><ManufacturerItemDescription>שוקו תנובה בקבוק 1 ליטר</ManufacturerItemDescription><SoldByWeight/><Quantity>1000.00</Quantity><UnitOfMeasure>מ"ל</UnitOfMeasure><QtyInPackage>לא ידוע</QtyInPackage><UnitOfMeasurePrice>0.0089</UnitOfMeasurePrice><AllowDiscount>1</AllowDiscount><ItemStatus>1</ItemStatus><ItemPrice>8.90</ItemPrice></item><item><PriceUpdateDate>2016-03-29 07:28:35</PriceUpdateDate><ItemCode>7290004131814</ItemCode><ItemType>1</ItemType><ItemName>מב גבינה צפתית מעודנ</ItemName><ManufacturerName>פיראוס</ManufacturerName><ManufactureCountry>ישראל</ManufactureCountry><ManufacturerItemDescription>פיראוס צפתית מעודנת 200 5</ManufacturerItemDescription><SoldByWeight/><Quantity>200.00</Quantity><UnitOfMeasure>גרם     </UnitOfMeasure><QtyInPackage>לא ידוע</QtyInPackage><UnitOfMeasurePrice>0.0500</UnitOfMeasurePrice><AllowDiscount>1</AllowDiscount><ItemStatus>1</ItemStatus><ItemPrice>10.00</ItemPrice></item><item><PriceUpdateDate>2016-02-14 06:39:51</PriceUpdateDate><ItemCode>7290004132231</ItemCode><ItemType>1</ItemType><ItemName>חלב לקפה3.5% שומן 80</ItemName><ManufacturerName>חלב תנובה</ManufacturerName><ManufactureCountry>ישראל</ManufactureCountry><ManufacturerItemDescription>חלב פלוס לקפה  800 3.5% מ</ManufacturerItemDescription><SoldByWeight/><Quantity>800.00</Quantity><UnitOfMeasure>מ"ל</UnitOfMeasure><QtyInPackage>לא ידוע</QtyInPackage><UnitOfMeasurePrice>0.0086</UnitOfMeasurePrice><AllowDiscount>1</AllowDiscount><ItemStatus>1</ItemStatus><ItemPrice>6.90</ItemPrice></item><item><PriceUpdateDate>2015-10-13 11:27:35</PriceUpdateDate><ItemCode>7290004132507</ItemCode><ItemType>1</ItemType><ItemName>יופלה עם דגנים מצופי</ItemName><ManufacturerName>יופלה</ManufacturerName><ManufactureCountry>ישראל</ManufactureCountry><ManufacturerItemDescription>יופלה דגנים מצופים מכסה מ</ManufacturerItemDescription><SoldByWeight/><Quantity>167.00</Quantity><UnitOfMeasure>גרם     </UnitOfMeasure><QtyInPackage>לא ידוע</QtyInPackage><UnitOfMeasurePrice>0.0341</UnitOfMeasurePrice><AllowDiscount>1</AllowDiscount><ItemStatus>1</ItemStatus><ItemPrice>5.70</ItemPrice></item><item><PriceUpdateDate>2016-03-16 14:01:04</PriceUpdateDate><ItemCode>7290004132552</ItemCode><ItemType>1</ItemType><ItemName>חלב סויה טבעי 1 ליטר</ItemName><ManufacturerName>סו תנובה</ManufacturerName><ManufactureCountry>ישראל</ManufactureCountry><ManufacturerItemDescription>משקה סויה דיאט 1 ליטר</ManufacturerItemDescription><SoldByWeight/><Quantity>1000.00</Quantity><UnitOfMeasure>מ"ל</UnitOfMeasure><QtyInPackage>לא ידוע</QtyInPackage><UnitOfMeasurePrice>0.0105</UnitOfMeasurePrice><AllowDiscount>0</AllowDiscount><ItemStatus>1</ItemStatus><ItemPrice>10.50</ItemPrice></item><item><PriceUpdateDate>2015-10-22 08:04:47</PriceUpdateDate><ItemCode>7290004132712</ItemCode><ItemType>1</ItemType><ItemName>אצבעות מוצרלה 172 גר</ItemName><ManufacturerName>עמק</ManufacturerName><ManufactureCountry>ישראל</ManufactureCountry><ManufacturerItemDescription>אצבעות עמק 172 גרם</ManufacturerItemDescription><SoldByWeight/><Quantity>172.00</Quantity><UnitOfMeasure>גרם     </UnitOfMeasure><QtyInPackage>לא ידוע</QtyInPackage><UnitOfMeasurePrice>0.0959</UnitOfMeasurePrice><AllowDiscount>1</AllowDiscount><ItemStatus>1</ItemStatus><ItemPrice>16.50</ItemPrice></item><item><PriceUpdateDate>2015-11-13 10:56:49</PriceUpdateDate><ItemCode>7290004132903</ItemCode><ItemType>1</ItemType><ItemName>גבינה לבנה 3% בד''צ</ItemName><ManufacturerName>גבינות תנובה</ManufacturerName><ManufactureCountry>ישראל</ManufactureCountry><ManufacturerItemDescription>גבינה לבנה 3% בד''צ</ManufacturerItemDescription><SoldByWeight/><Quantity>250.00</Quantity><UnitOfMeasure>גרם     </UnitOfMeasure><QtyInPackage>לא ידוע</QtyInPackage><UnitOfMeasurePrice>0.0196</UnitOfMeasurePrice><AllowDiscount>1</AllowDiscount><ItemStatus>1</ItemStatus><ItemPrice>4.90</ItemPrice></item><item><PriceUpdateDate>2015-11-13 10:56:49</PriceUpdateDate><ItemCode>7290004133108</ItemCode><ItemType>1</ItemType><ItemName>יופלה לבןעם גרנולה 1</ItemName><ManufacturerName>יופלה</ManufacturerName><ManufactureCountry>ישראל</ManufactureCountry><ManufacturerItemDescription>יופלה לבן+1.5% גרנולה מכס</ManufacturerItemDescription><SoldByWeight/><Quantity>170.00</Quantity><UnitOfMeasure>מ"ל</UnitOfMeasure><QtyInPackage>לא ידוע</QtyInPackage><UnitOfMeasurePrice>0.0353</UnitOfMeasurePrice><AllowDiscount>1</AllowDiscount><ItemStatus>1</ItemStatus><ItemPrice>6.00</ItemPrice></item><item><PriceUpdateDate>2015-10-22 08:04:47</PriceUpdateDate><ItemCode>7290004133207</ItemCode><ItemType>1</ItemType><ItemName>יופלה ביו דיאט 0% לב</ItemName><ManufacturerName>יופלה</ManufacturerName><ManufactureCountry>ישראל</ManufactureCountry><ManufacturerItemDescription>יופלה לבן דיאט 200 ג</ManufacturerItemDescription><SoldByWeight/><Quantity>200.00</Quantity><UnitOfMeasure>גרם     </UnitOfMeasure><QtyInPackage>לא ידוע</QtyInPackage><UnitOfMeasurePrice>0.0200</UnitOfMeasurePrice><AllowDiscount>1</AllowDiscount><ItemStatus>1</ItemStatus><ItemPrice>4.00</ItemPrice></item><item><PriceUpdateDate>2016-05-01 10:26:07</PriceUpdateDate><ItemCode>7290004133511</ItemCode><ItemType>1</ItemType><ItemName>מב מאגדת יופלה 1.5%</ItemName><ManufacturerName>יופלה</ManufacturerName><ManufactureCountry>ישראל</ManufactureCountry><ManufacturerItemDescription>מב מאגדת יופלה 1.5%</ManufacturerItemDescription><SoldByWeight/><Quantity>1200.00</Quantity><UnitOfMeasure>גרם     </UnitOfMeasure><QtyInPackage>לא ידוע</QtyInPackage><UnitOfMeasurePrice>0.0124</UnitOfMeasurePrice><AllowDiscount>1</AllowDiscount><ItemStatus>1</ItemStatus><ItemPrice>14.90</ItemPrice></item><item><PriceUpdateDate>2016-02-14 06:39:51</PriceUpdateDate><ItemCode>7290004133627</ItemCode><ItemType>1</ItemType><ItemName>חלב על הבוקר 3% בקרט</ItemName><ManufacturerName>חלב תנובה</ManufacturerName><ManufactureCountry>ישראל</ManufactureCountry><ManufacturerItemDescription>חלב 3% על הבוקר קרטון+פקק</ManufacturerItemDescription><SoldByWeight/><Quantity>1000.00</Quantity><UnitOfMeasure>מ"ל</UnitOfMeasure><QtyInPackage>לא ידוע</QtyInPackage><UnitOfMeasurePrice>0.0089</UnitOfMeasurePrice><AllowDiscount>1</AllowDiscount><ItemStatus>1</ItemStatus><ItemPrice>8.90</ItemPrice></item><item><PriceUpdateDate>2015-10-21 09:13:10</PriceUpdateDate><ItemCode>7290004133900</ItemCode><ItemType>1</ItemType><ItemName>קצפת צמחית השף הלבן</ItemName><ManufacturerName>שף לבן</ManufacturerName><ManufactureCountry>ישראל</ManufactureCountry><ManufacturerItemDescription>קצפת צמחית השף הלבן 250 מ</ManufacturerItemDescription><SoldByWeight/><Quantity>250.00</Quantity><UnitOfMeasure>מ"ל</UnitOfMeasure><QtyInPackage>לא ידוע</QtyInPackage><UnitOfMeasurePrice>0.0396</UnitOfMeasurePrice><AllowDiscount>1</AllowDiscount><ItemStatus>1</ItemStatus><ItemPrice>9.90</ItemPrice></item><item><PriceUpdateDate>2016-04-18 11:09:43</PriceUpdateDate><ItemCode>7290004133917</ItemCode><ItemType>1</ItemType><ItemName>מארז קצפת צמחית השף</ItemName><ManufacturerName>שף לבן</ManufacturerName><ManufactureCountry>ישראל</ManufactureCountry><ManufacturerItemDescription>מארז קצפת צמחית השף</ManufacturerItemDescription><SoldByWeight/><Quantity>750.00</Quantity><UnitOfMeasure>מ"ל</UnitOfMeasure><QtyInPackage>לא ידוע</QtyInPackage><UnitOfMeasurePrice>0.0332</UnitOfMeasurePrice><AllowDiscount>1</AllowDiscount><ItemStatus>1</ItemStatus><ItemPrice>24.90</ItemPrice></item><item><PriceUpdateDate>2016-05-01 10:26:07</PriceUpdateDate><ItemCode>7290004134198</ItemCode><ItemType>1</ItemType><ItemName>מב שוקו בננה תנובה 2</ItemName><ManufacturerName>שוק</ManufacturerName><ManufactureCountry>ישראל</ManufactureCountry><ManufacturerItemDescription>מב שוקו בננה תנובה 2</ManufacturerItemDescription><SoldByWeight/><Quantity>250.00</Quantity><UnitOfMeasure>מ"ל</UnitOfMeasure><QtyInPackage>לא ידוע</QtyInPackage><UnitOfMeasurePrice>0.0156</UnitOfMeasurePrice><AllowDiscount>1</AllowDiscount><ItemStatus>1</ItemStatus><ItemPrice>3.90</ItemPrice></item><item><PriceUpdateDate>2016-02-15 07:37:45</PriceUpdateDate><ItemCode>7290004134945</ItemCode><ItemType>1</ItemType><ItemName>יופלה מוקה 3% 150 גר</ItemName><ManufacturerName>יופלה</ManufacturerName><ManufactureCountry>ישראל</ManufactureCountry><ManufacturerItemDescription>יופלה מוקה 3% 150 גר</ManufacturerItemDescription><SoldByWeight/><Quantity>150.00</Quantity><UnitOfMeasure>גרם     </UnitOfMeasure><QtyInPackage>לא ידוע</QtyInPackage><UnitOfMeasurePrice>0.0353</UnitOfMeasurePrice><AllowDiscount>1</AllowDiscount><ItemStatus>1</ItemStatus><ItemPrice>5.30</ItemPrice></item><item><PriceUpdateDate>2015-10-13 11:27:36</PriceUpdateDate><ItemCode>7290004134983</ItemCode><ItemType>1</ItemType><ItemName>פרוסות עמק 5% פתיחה</ItemName><ManufacturerName>עמק</ManufacturerName><ManufactureCountry>ישראל</ManufactureCountry><ManufacturerItemDescription>גבינה עמק 5% פרוס פ.חוזרת</ManufacturerItemDescription><SoldByWeight/><Quantity>200.00</Quantity><UnitOfMeasure>גרם     </UnitOfMeasure><QtyInPackage>לא ידוע</QtyInPackage><UnitOfMeasurePrice>0.0890</UnitOfMeasurePrice><AllowDiscount>1</AllowDiscount><ItemStatus>1</ItemStatus><ItemPrice>17.80</ItemPrice></item><item><PriceUpdateDate>2016-03-01 06:44:37</PriceUpdateDate><ItemCode>7290004135058</ItemCode><ItemType>1</ItemType><ItemName>מאגדת מיני קרלו שוקו</ItemName><ManufacturerName>קרלו</ManufacturerName><ManufactureCountry>ישראל</ManufactureCountry><ManufacturerItemDescription>מאגדת מיני קרלו שוקו</ManufacturerItemDescription><SoldByWeight/><Quantity>800.00</Quantity><UnitOfMeasure>מ"ל</UnitOfMeasure><QtyInPackage>לא ידוע</QtyInPackage><UnitOfMeasurePrice>0.0173</UnitOfMeasurePrice><AllowDiscount>1</AllowDiscount><ItemStatus>1</ItemStatus><ItemPrice>13.80</ItemPrice></item><item><PriceUpdateDate>2015-10-13 11:27:36</PriceUpdateDate><ItemCode>7290004135225</ItemCode><ItemType>1</ItemType><ItemName>מעדן תנובה 0% שוקולד</ItemName><ManufacturerName>מעדן תנובה</ManufacturerName><ManufactureCountry>ישראל</ManufactureCountry><ManufacturerItemDescription>מעדן דיאט שוקולד 150 גרם</ManufacturerItemDescription><SoldByWeight/><Quantity>150.00</Quantity><UnitOfMeasure>גרם     </UnitOfMeasure><QtyInPackage>לא ידוע</QtyInPackage><UnitOfMeasurePrice>0.0267</UnitOfMeasurePrice><AllowDiscount>1</AllowDiscount><ItemStatus>1</ItemStatus><ItemPrice>4.00</ItemPrice></item><item><PriceUpdateDate>2015-10-13 11:27:36</PriceUpdateDate><ItemCode>7290004135232</ItemCode><ItemType>1</ItemType><ItemName>מעדן תנובה דיאט וניל</ItemName><ManufacturerName>מעדן תנובה</ManufacturerName><ManufactureCountry>ישראל</ManufactureCountry><ManufacturerItemDescription>מעדן דיאט וניל 150 גרם</ManufacturerItemDescription><SoldByWeight/><Quantity>150.00</Quantity><UnitOfMeasure>גרם     </UnitOfMeasure><QtyInPackage>לא ידוע</QtyInPackage><UnitOfMeasurePrice>0.0267</UnitOfMeasurePrice><AllowDiscount>1</AllowDiscount><ItemStatus>1</ItemStatus><ItemPrice>4.00</ItemPrice></item><item><PriceUpdateDate>2016-03-29 07:10:56</PriceUpdateDate><ItemCode>7290004135614</ItemCode><ItemType>1</ItemType><ItemName>גבינה בולגרית מעודנת</ItemName><ManufacturerName>פיראוס</ManufacturerName><ManufactureCountry>ישראל</ManufactureCountry><ManufacturerItemDescription>גבינה בולגרית מעודנת 5% פ</ManufacturerItemDescription><SoldByWeight/><Quantity>250.00</Quantity><UnitOfMeasure>גרם     </UnitOfMeasure><QtyInPackage>לא ידוע</QtyInPackage><UnitOfMeasurePrice>0.0836</UnitOfMeasurePrice><AllowDiscount>1</AllowDiscount><ItemStatus>1</ItemStatus><ItemPrice>20.90</ItemPrice></item><item><PriceUpdateDate>2015-10-22 08:04:47</PriceUpdateDate><ItemCode>7290004136130</ItemCode><ItemType>1</ItemType><ItemName>שוקו בבקבוק 340 מ"ל</ItemName><ManufacturerName>תנובה</ManufacturerName><ManufactureCountry>ישראל</ManufactureCountry><ManufacturerItemDescription>שוקו 340 מל בקבוק</ManufacturerItemDescription><SoldByWeight/><Quantity>340.00</Quantity><UnitOfMeasure>מ"ל</UnitOfMeasure><QtyInPackage>לא ידוע</QtyInPackage><UnitOfMeasurePrice>0.0203</UnitOfMeasurePrice><AllowDiscount>1</AllowDiscount><ItemStatus>1</ItemStatus><ItemPrice>6.90</ItemPrice></item><item><PriceUpdateDate>2015-11-13 10:56:49</PriceUpdateDate><ItemCode>7290004136154</ItemCode><ItemType>1</ItemType><ItemName>אייס קפה תנובה בקבוק</ItemName><ManufacturerName>שוק</ManufacturerName><ManufactureCountry>ישראל</ManufactureCountry><ManufacturerItemDescription>משקה אייס קפה340 מל בקבוק</ManufacturerItemDescription><SoldByWeight/><Quantity>340.00</Quantity><UnitOfMeasure>מ"ל</UnitOfMeasure><QtyInPackage>לא ידוע</QtyInPackage><UnitOfMeasurePrice>0.0218</UnitOfMeasurePrice><AllowDiscount>1</AllowDiscount><ItemStatus>1</ItemStatus><ItemPrice>7.40</ItemPrice></item><item><PriceUpdateDate>2016-05-01 10:26:07</PriceUpdateDate><ItemCode>7290004136192</ItemCode><ItemType>1</ItemType><ItemName>מב מילקשייק פונץ' בנ</ItemName><ManufacturerName>שוק</ManufacturerName><ManufactureCountry>ישראל</ManufactureCountry><ManufacturerItemDescription>מב מילקשייק פונץ' בנ</ManufacturerItemDescription><SoldByWeight/><Quantity>250.00</Quantity><UnitOfMeasure>מ"ל</UnitOfMeasure><QtyInPackage>לא ידוע</QtyInPackage><UnitOfMeasurePrice>0.0156</UnitOfMeasurePrice><AllowDiscount>1</AllowDiscount><ItemStatus>1</ItemStatus><ItemPrice>3.90</ItemPrice></item><item><PriceUpdateDate>2015-11-13 10:56:50</PriceUpdateDate><ItemCode>7290004136307</ItemCode><ItemType>1</ItemType><ItemName>גבינה בולגרית מעודנת</ItemName><ManufacturerName>פיראוס</ManufacturerName><ManufactureCountry>ישראל</ManufactureCountry><ManufacturerItemDescription>גבינה בולגרית 5% מעודנת 1</ManufacturerItemDescription><SoldByWeight/><Quantity>120.00</Quantity><UnitOfMeasure>גרם     </UnitOfMeasure><QtyInPackage>לא ידוע</QtyInPackage><UnitOfMeasurePrice>0.1150</UnitOfMeasurePrice><AllowDiscount>1</AllowDiscount><ItemStatus>1</ItemStatus><ItemPrice>13.80</ItemPrice></item><item><PriceUpdateDate>2016-03-01 06:44:37</PriceUpdateDate><ItemCode>7290004136598</ItemCode><ItemType>1</ItemType><ItemName>מארז הפסקת אוכל קורנ</ItemName><ManufacturerName>חלב תנובה</ManufacturerName><ManufactureCountry>ישראל</ManufactureCountry><ManufacturerItemDescription>מארז הפסקת אוכל חלב+דגנים</ManufacturerItemDescription><SoldByWeight/><Quantity>150.00</Quantity><UnitOfMeasure>מ"ל</UnitOfMeasure><QtyInPackage>לא ידוע</QtyInPackage><UnitOfMeasurePrice>0.0640</UnitOfMeasurePrice><AllowDiscount>1</AllowDiscount><ItemStatus>1</ItemStatus><ItemPrice>9.60</ItemPrice></item><item><PriceUpdateDate>2015-10-13 11:27:36</PriceUpdateDate><ItemCode>7290004136857</ItemCode><ItemType>1</ItemType><ItemName>ג'לי פטל 125 גרם</ItemName><ManufacturerName>ג'לי תנובה</ManufacturerName><ManufactureCountry>ישראל</ManufactureCountry><ManufacturerItemDescription>מעדן גלי פטל</ManufacturerItemDescription><SoldByWeight/><Quantity>125.00</Quantity><UnitOfMeasure>גרם     </UnitOfMeasure><QtyInPackage>לא ידוע</QtyInPackage><UnitOfMeasurePrice>0.0232</UnitOfMeasurePrice><AllowDiscount>0</AllowDiscount><ItemStatus>1</ItemStatus><ItemPrice>2.90</ItemPrice></item><item><PriceUpdateDate>2015-10-22 08:04:47</PriceUpdateDate><ItemCode>7290004136864</ItemCode><ItemType>1</ItemType><ItemName>ג'לי אננס עם חתיכות</ItemName><ManufacturerName>ג'לי תנובה</ManufacturerName><ManufactureCountry>ישראל</ManufactureCountry><ManufacturerItemDescription>מעדן גלי אננס וחתיכות פרי</ManufacturerItemDescription><SoldByWeight/><Quantity>125.00</Quantity><UnitOfMeasure>גרם     </UnitOfMeasure><QtyInPackage>לא ידוע</QtyInPackage><UnitOfMeasurePrice>0.0240</UnitOfMeasurePrice><AllowDiscount>0</AllowDiscount><ItemStatus>1</ItemStatus><ItemPrice>3.00</ItemPrice></item><item><PriceUpdateDate>2015-10-22 08:04:47</PriceUpdateDate><ItemCode>7290004136871</ItemCode><ItemType>1</ItemType><ItemName>ג'לי אפרסק עם חתיכות</ItemName><ManufacturerName>ג'לי תנובה</ManufacturerName><ManufactureCountry>ישראל</ManufactureCountry><ManufacturerItemDescription>ג'לי אפרסק עם חתיכות</ManufacturerItemDescription><SoldByWeight/><Quantity>125.00</Quantity><UnitOfMeasure>גרם     </UnitOfMeasure><QtyInPackage>לא ידוע</QtyInPackage><UnitOfMeasurePrice>0.0240</UnitOfMeasurePrice><AllowDiscount>0</AllowDiscount><ItemStatus>1</ItemStatus><ItemPrice>3.00</ItemPrice></item><item><PriceUpdateDate>2015-10-13 11:27:36</PriceUpdateDate><ItemCode>7290004137021</ItemCode><ItemType>1</ItemType><ItemName>שמנת לבישול10% 250 מ</ItemName><ManufacturerName>שף לבן</ManufacturerName><ManufactureCountry>ישראל</ManufactureCountry><ManufacturerItemDescription>שמנת לבישול מופחת שומן</ManufacturerItemDescription><SoldByWeight/><Quantity>250.00</Quantity><UnitOfMeasure>מ"ל</UnitOfMeasure><QtyInPackage>לא ידוע</QtyInPackage><UnitOfMeasurePrice>0.0352</UnitOfMeasurePrice><AllowDiscount>1</AllowDiscount><ItemStatus>1</ItemStatus><ItemPrice>8.80</ItemPrice></item><item><PriceUpdateDate>2016-02-17 06:20:59</PriceUpdateDate><ItemCode>7290004137311</ItemCode><ItemType>1</ItemType><ItemName>עמק לייט משפחתית 400</ItemName><ManufacturerName>עמק</ManufacturerName><ManufactureCountry>ישראל</ManufactureCountry><ManufacturerItemDescription>עמק לייט משפחתית 400</ManufacturerItemDescription><SoldByWeight/><Quantity>400.00</Quantity><UnitOfMeasure>גרם     </UnitOfMeasure><QtyInPackage>לא ידוע</QtyInPackage><UnitOfMeasurePrice>0.0747</UnitOfMeasurePrice><AllowDiscount>1</AllowDiscount><ItemStatus>1</ItemStatus><ItemPrice>29.90</ItemPrice></item><item><PriceUpdateDate>2016-05-01 12:06:54</PriceUpdateDate><ItemCode>7290004137809</ItemCode><ItemType>1</ItemType><ItemName>לאבנה 5% 250 גרם</ItemName><ManufacturerName>פיראוס</ManufacturerName><ManufactureCountry>ישראל</ManufactureCountry><ManufacturerItemDescription>לאבנה 250 5% גרם    פיראו</ManufacturerItemDescription><SoldByWeight/><Quantity>250.00</Quantity><UnitOfMeasure>גרם     </UnitOfMeasure><QtyInPackage>לא ידוע</QtyInPackage><UnitOfMeasurePrice>0.0512</UnitOfMeasurePrice><AllowDiscount>1</AllowDiscount><ItemStatus>1</ItemStatus><ItemPrice>12.80</ItemPrice></item><item><PriceUpdateDate>2016-03-04 08:35:31</PriceUpdateDate><ItemCode>7290004193041</ItemCode><ItemType>3</ItemType><ItemName>שוק טלה טרי עטרה  sp</ItemName><ManufacturerName>נטו סחר</ManufacturerName><ManufactureCountry>לא ידוע</ManufactureCountry><ManufacturerItemDescription>שוק טלה טרי עטרה  sp</ManufacturerItemDescription><SoldByWeight/><Quantity>1.00</Quantity><UnitOfMeasure>ק"ג</UnitOfMeasure><QtyInPackage>לא ידוע</QtyInPackage><UnitOfMeasurePrice>99.9000</UnitOfMeasurePrice><AllowDiscount>1</AllowDiscount><ItemStatus>1</ItemStatus><ItemPrice>99.90</ItemPrice></item><item><PriceUpdateDate>2014-12-01 06:28:45</PriceUpdateDate><ItemCode>7290004199203</ItemCode><ItemType>1</ItemType><ItemName>קיסמי שניים</ItemName><ManufacturerName>לא ידוע</ManufacturerName><ManufactureCountry>ישראל</ManufactureCountry><ManufacturerItemDescription>קיסמי שניים</ManufacturerItemDescription><SoldByWeight/><Quantity>0.00</Quantity><UnitOfMeasure>יח'</UnitOfMeasure><QtyInPackage>לא ידוע</QtyInPackage><UnitOfMeasurePrice>0.0000</UnitOfMeasurePrice><AllowDiscount>1</AllowDiscount><ItemStatus>1</ItemStatus><ItemPrice>4.70</ItemPrice></item><item><PriceUpdateDate>2015-10-21 09:13:10</PriceUpdateDate><ItemCode>7290004199777</ItemCode><ItemType>1</ItemType><ItemName>צמרוני אזניים פלסטיק</ItemName><ManufacturerName>טוליפס</ManufacturerName><ManufactureCountry>ישראל</ManufactureCountry><ManufacturerItemDescription>צמרוני אזניים פלסטיק</ManufacturerItemDescription><SoldByWeight/><Quantity>300.00</Quantity><UnitOfMeasure>יח'</UnitOfMeasure><QtyInPackage>לא ידוע</QtyInPackage><UnitOfMeasurePrice>0.0297</UnitOfMeasurePrice><AllowDiscount>1</AllowDiscount><ItemStatus>1</ItemStatus><ItemPrice>8.90</ItemPrice></item><item><PriceUpdateDate>2016-01-13 06:45:16</PriceUpdateDate><ItemCode>7290004230067</ItemCode><ItemType>1</ItemType><ItemName>פיצת השף שגב 350 גרם</ItemName><ManufacturerName>שגב</ManufacturerName><ManufactureCountry>לא ידוע</ManufactureCountry><ManufacturerItemDescription>פיצת השף שגב 350 גרם</ManufacturerItemDescription><SoldByWeight/><Quantity>350.00</Quantity><UnitOfMeasure>גרם     </UnitOfMeasure><QtyInPackage>לא ידוע</QtyInPackage><UnitOfMeasurePrice>0.0483</UnitOfMeasurePrice><AllowDiscount>1</AllowDiscount><ItemStatus>1</ItemStatus><ItemPrice>16.90</ItemPrice></item><item><PriceUpdateDate>2016-03-01 06:44:37</PriceUpdateDate><ItemCode>7290004324605</ItemCode><ItemType>1</ItemType><ItemName>גבינת מון בלאן רוקפו</ItemName><ManufacturerName>מון בלאן</ManufacturerName><ManufactureCountry>ישראל</ManufactureCountry><ManufacturerItemDescription>גבינה מון בלאן רוקפור 120</ManufacturerItemDescription><SoldByWeight/><Quantity>120.00</Quantity><UnitOfMeasure>גרם     </UnitOfMeasure><QtyInPackage>לא ידוע</QtyInPackage><UnitOfMeasurePrice>0.1208</UnitOfMeasurePrice><AllowDiscount>1</AllowDiscount><ItemStatus>1</ItemStatus><ItemPrice>14.50</ItemPrice></item><item><PriceUpdateDate>2016-05-01 12:06:59</PriceUpdateDate><ItemCode>7290004554354</ItemCode><ItemType>1</ItemType><ItemName>גלידת פנטסיה שוקו ונ</ItemName><ManufacturerName>פנטזיה</ManufacturerName><ManufactureCountry>ישראל</ManufactureCountry><ManufacturerItemDescription>גלידה פנטזיה שוקו וניל 1</ManufacturerItemDescription><SoldByWeight/><Quantity>1000.00</Quantity><UnitOfMeasure>מ"ל</UnitOfMeasure><QtyInPackage>לא ידוע</QtyInPackage><UnitOfMeasurePrice>0.0287</UnitOfMeasurePrice><AllowDiscount>1</AllowDiscount><ItemStatus>1</ItemStatus><ItemPrice>28.70</ItemPrice></item><item><PriceUpdateDate>2015-11-15 20:35:19</PriceUpdateDate><ItemCode>7290004554514</ItemCode><ItemType>1</ItemType><ItemName>מגנום קלאסיק חוף השנ</ItemName><ManufacturerName>מגנום-גלידה</ManufacturerName><ManufactureCountry>ישראל</ManufactureCountry><ManufacturerItemDescription>מגנום חוף השנהב</ManufacturerItemDescription><SoldByWeight/><Quantity>0.00</Quantity><UnitOfMeasure>יח'</UnitOfMeasure><QtyInPackage>לא ידוע</QtyInPackage><UnitOfMeasurePrice>0.0000</UnitOfMeasurePrice><AllowDiscount>1</AllowDiscount><ItemStatus>1</ItemStatus><ItemPrice>11.50</ItemPrice></item><item><PriceUpdateDate>2015-11-15 20:35:19</PriceUpdateDate><ItemCode>7290004554781</ItemCode><ItemType>1</ItemType><ItemName>אסקימו לימון</ItemName><ManufacturerName>אסקימו</ManufacturerName><ManufactureCountry>ישראל</ManufactureCountry><ManufacturerItemDescription>שלגון אסקימו לימון יח</ManufacturerItemDescription><SoldByWeight/><Quantity>0.00</Quantity><UnitOfMeasure>יח'</UnitOfMeasure><QtyInPackage>לא ידוע</QtyInPackage><UnitOfMeasurePrice>0.0000</UnitOfMeasurePrice><AllowDiscount>1</AllowDiscount><ItemStatus>1</ItemStatus><ItemPrice>3.10</ItemPrice></item><item><PriceUpdateDate>2016-05-01 12:06:59</PriceUpdateDate><ItemCode>7290004554903</ItemCode><ItemType>1</ItemType><ItemName>גלידת פנטסיה שוקו ונ</ItemName><ManufacturerName>פנטזיה</ManufacturerName><ManufactureCountry>ישראל</ManufactureCountry><ManufacturerItemDescription>גלידת פנטסיה שוקו ונ</ManufacturerItemDescription><SoldByWeight/><Quantity>1000.00</Quantity><UnitOfMeasure>מ"ל</UnitOfMeasure><QtyInPackage>לא ידוע</QtyInPackage><UnitOfMeasurePrice>0.0287</UnitOfMeasurePrice><AllowDiscount>1</AllowDiscount><ItemStatus>1</ItemStatus><ItemPrice>28.70</ItemPrice></item><item><PriceUpdateDate>2016-03-01 06:44:37</PriceUpdateDate><ItemCode>7290004584306</ItemCode><ItemType>1</ItemType><ItemName>מארז גמדים תות בננה</ItemName><ManufacturerName>גמדים</ManufacturerName><ManufactureCountry>ישראל</ManufactureCountry><ManufacturerItemDescription>מארז גמדים תות בננה</ManufacturerItemDescription><SoldByWeight/><Quantity>400.00</Quantity><UnitOfMeasure>מ"ל</UnitOfMeasure><QtyInPackage>לא ידוע</QtyInPackage><UnitOfMeasurePrice>0.0285</UnitOfMeasurePrice><AllowDiscount>0</AllowDiscount><ItemStatus>1</ItemStatus><ItemPrice>11.40</ItemPrice></item><item><PriceUpdateDate>2016-03-01 06:44:37</PriceUpdateDate><ItemCode>7290004584351</ItemCode><ItemType>1</ItemType><ItemName>סימפוניה 5% טבעית 20</ItemName><ManufacturerName>סימפוניה שטראוס</ManufacturerName><ManufactureCountry>ישראל</ManufactureCountry><ManufacturerItemDescription>סימפוניה בטעם טבעי 200 גר</ManufacturerItemDescription><SoldByWeight/><Quantity>200.00</Quantity><UnitOfMeasure>גרם     </UnitOfMeasure><QtyInPackage>לא ידוע</QtyInPackage><UnitOfMeasurePrice>0.0595</UnitOfMeasurePrice><AllowDiscount>0</AllowDiscount><ItemStatus>1</ItemStatus><ItemPrice>11.90</ItemPrice></item><item><PriceUpdateDate>2015-10-13 11:27:36</PriceUpdateDate><ItemCode>7290004584528</ItemCode><ItemType>1</ItemType><ItemName>דנונה ביו טבעי 1.7%</ItemName><ManufacturerName>דנונה</ManufacturerName><ManufactureCountry>ישראל</ManufactureCountry><ManufacturerItemDescription>יוגורט דנונה בי 200  1.7%</ManufacturerItemDescription><SoldByWeight/><Quantity>200.00</Quantity><UnitOfMeasure>גרם     </UnitOfMeasure><QtyInPackage>לא ידוע</QtyInPackage><UnitOfMeasurePrice>0.0200</UnitOfMeasurePrice><AllowDiscount>1</AllowDiscount><ItemStatus>1</ItemStatus><ItemPrice>4.00</ItemPrice></item><item><PriceUpdateDate>2015-10-13 11:27:36</PriceUpdateDate><ItemCode>7290004585907</ItemCode><ItemType>1</ItemType><ItemName>מעדן דני וניל 125 גר</ItemName><ManufacturerName>דני</ManufacturerName><ManufactureCountry>ישראל</ManufactureCountry><ManufacturerItemDescription>דני וניל125 גר</ManufacturerItemDescription><SoldByWeight/><Quantity>125.00</Quantity><UnitOfMeasure>גרם     </UnitOfMeasure><QtyInPackage>לא ידוע</QtyInPackage><UnitOfMeasurePrice>0.0216</UnitOfMeasurePrice><AllowDiscount>1</AllowDiscount><ItemStatus>1</ItemStatus><ItemPrice>2.70</ItemPrice></item><item><PriceUpdateDate>2016-05-01 12:07:00</PriceUpdateDate><ItemCode>7290004603175</ItemCode><ItemType>1</ItemType><ItemName>מלח הים האדום גס 500</ItemName><ManufacturerName>לא ממותג</ManufacturerName><ManufactureCountry>ישראל</ManufactureCountry><ManufacturerItemDescription>מלח הים האדום גס 500</ManufacturerItemDescription><SoldByWeight/><Quantity>500.00</Quantity><UnitOfMeasure>גרם     </UnitOfMeasure><QtyInPackage>לא ידוע</QtyInPackage><UnitOfMeasurePrice>0.0158</UnitOfMeasurePrice><AllowDiscount>1</AllowDiscount><ItemStatus>1</ItemStatus><ItemPrice>7.90</ItemPrice></item><item><PriceUpdateDate>2015-05-03 19:39:47</PriceUpdateDate><ItemCode>7290004731410</ItemCode><ItemType>1</ItemType><ItemName>סקוטש סנו סושי</ItemName><ManufacturerName>סנו סושי</ManufacturerName><ManufactureCountry>ישראל</ManufactureCountry><ManufacturerItemDescription>כרית קרצוף סנו סושי ירוק</ManufacturerItemDescription><SoldByWeight/><Quantity>0.00</Quantity><UnitOfMeasure>יח'</UnitOfMeasure><QtyInPackage>לא ידוע</QtyInPackage><UnitOfMeasurePrice>0.0000</UnitOfMeasurePrice><AllowDiscount>1</AllowDiscount><ItemStatus>1</ItemStatus><ItemPrice>11.20</ItemPrice></item><item><PriceUpdateDate>2016-05-01 10:26:17</PriceUpdateDate><ItemCode>7290004731472</ItemCode><ItemType>1</ItemType><ItemName>אל סבון נוזלי כיףשלי</ItemName><ManufacturerName>כיף</ManufacturerName><ManufactureCountry>ישראל</ManufactureCountry><ManufacturerItemDescription>מארז אלסבון כיף שלישייה צ</ManufacturerItemDescription><SoldByWeight/><Quantity>1500.00</Quantity><UnitOfMeasure>מ"ל</UnitOfMeasure><QtyInPackage>לא ידוע</QtyInPackage><UnitOfMeasurePrice>0.0126</UnitOfMeasurePrice><AllowDiscount>1</AllowDiscount><ItemStatus>1</ItemStatus><ItemPrice>18.90</ItemPrice></item><item><PriceUpdateDate>2014-12-01 06:28:07</PriceUpdateDate><ItemCode>7290004737443</ItemCode><ItemType>1</ItemType><ItemName>לפתן קוקטייל פירות</ItemName><ManufacturerName>לא ממותג</ManufacturerName><ManufactureCountry>ישראל</ManufactureCountry><ManufacturerItemDescription>לפתן קוקטייל פירות</ManufacturerItemDescription><SoldByWeight/><Quantity>480.00</Quantity><UnitOfMeasure>גרם     </UnitOfMeasure><QtyInPackage>לא ידוע</QtyInPackage><UnitOfMeasurePrice>0.0198</UnitOfMeasurePrice><AllowDiscount>1</AllowDiscount><ItemStatus>1</ItemStatus><ItemPrice>9.50</ItemPrice></item><item><PriceUpdateDate>2015-11-15 20:35:19</PriceUpdateDate><ItemCode>7290004872359</ItemCode><ItemType>1</ItemType><ItemName>קרחון דובדבן</ItemName><ManufacturerName>גלידות נסטלה</ManufacturerName><ManufactureCountry>ישראל</ManufactureCountry><ManufacturerItemDescription>שלגון קרח דובדבן</ManufacturerItemDescription><SoldByWeight/><Quantity>1.00</Quantity><UnitOfMeasure>יח'</UnitOfMeasure><QtyInPackage>לא ידוע</QtyInPackage><UnitOfMeasurePrice>2.7000</UnitOfMeasurePrice><AllowDiscount>1</AllowDiscount><ItemStatus>1</ItemStatus><ItemPrice>2.70</ItemPrice></item><item><PriceUpdateDate>2015-11-15 20:32:45</PriceUpdateDate><ItemCode>7290004923051</ItemCode><ItemType>1</ItemType><ItemName>מי עין גדי 2 ליטר</ItemName><ManufacturerName>עין גדי</ManufacturerName><ManufactureCountry>ישראל</ManufactureCountry><ManufacturerItemDescription>מי עין גדי 2 ליטר</ManufacturerItemDescription><SoldByWeight/><Quantity>2000.00</Quantity><UnitOfMeasure>מ"ל</UnitOfMeasure><QtyInPackage>לא ידוע</QtyInPackage><UnitOfMeasurePrice>0.0019</UnitOfMeasurePrice><AllowDiscount>1</AllowDiscount><ItemStatus>1</ItemStatus><ItemPrice>3.70</ItemPrice></item><item><PriceUpdateDate>2015-10-14 07:09:56</PriceUpdateDate><ItemCode>7290004923099</ItemCode><ItemType>1</ItemType><ItemName>מי עין גדי שישייה 2</ItemName><ManufacturerName>עין גדי</ManufacturerName><ManufactureCountry>ישראל</ManufactureCountry><ManufacturerItemDescription>מי עין גדי שישייה 2</ManufacturerItemDescription><SoldByWeight/><Quantity>12000.00</Quantity><UnitOfMeasure>מ"ל</UnitOfMeasure><QtyInPackage>לא ידוע</QtyInPackage><UnitOfMeasurePrice>0.0010</UnitOfMeasurePrice><AllowDiscount>1</AllowDiscount><ItemStatus>1</ItemStatus><ItemPrice>12.00</ItemPrice></item><item><PriceUpdateDate>2016-03-29 07:28:35</PriceUpdateDate><ItemCode>7290005041136</ItemCode><ItemType>1</ItemType><ItemName>מב קבב ג'מבו רומני 1</ItemName><ManufacturerName>מעדני הטלה והעגל</ManufacturerName><ManufactureCountry>ישראל</ManufactureCountry><ManufacturerItemDescription>מב קבב ג'מבו רומני 1</ManufacturerItemDescription><SoldByWeight/><Quantity>1.00</Quantity><UnitOfMeasure>יח'</UnitOfMeasure><QtyInPackage>לא ידוע</QtyInPackage><UnitOfMeasurePrice>46.9000</UnitOfMeasurePrice><AllowDiscount>1</AllowDiscount><ItemStatus>1</ItemStatus><ItemPrice>46.90</ItemPrice></item><item><PriceUpdateDate>2016-04-13 08:29:06</PriceUpdateDate><ItemCode>7290005041402</ItemCode><ItemType>1</ItemType><ItemName>מב שיפודי פרגיות ארו</ItemName><ManufacturerName>מעדני הטלה והעגל</ManufacturerName><ManufactureCountry>ישראל</ManufactureCountry><ManufacturerItemDescription>מב שיפודי פרגיות ארו</ManufacturerItemDescription><SoldByWeight/><Quantity>600.00</Quantity><UnitOfMeasure>גרם     </UnitOfMeasure><QtyInPackage>לא ידוע</QtyInPackage><UnitOfMeasurePrice>0.0915</UnitOfMeasurePrice><AllowDiscount>1</AllowDiscount><ItemStatus>1</ItemStatus><ItemPrice>54.90</ItemPrice></item><item><PriceUpdateDate>2015-11-15 20:35:19</PriceUpdateDate><ItemCode>7290005068058</ItemCode><ItemType>1</ItemType><ItemName>תירס קל A2 מופחת קלר</ItemName><ManufacturerName>פרי הגליל</ManufacturerName><ManufactureCountry>ישראל</ManufactureCountry><ManufacturerItemDescription>תירס קל A2 גר</ManufacturerItemDescription><SoldByWeight/><Quantity>335.00</Quantity><UnitOfMeasure>גרם     </UnitOfMeasure><QtyInPackage>לא ידוע</QtyInPackage><UnitOfMeasurePrice>0.0230</UnitOfMeasurePrice><AllowDiscount>1</AllowDiscount><ItemStatus>1</ItemStatus><ItemPrice>7.70</ItemPrice></item><item><PriceUpdateDate>2015-11-15 20:35:19</PriceUpdateDate><ItemCode>7290005068447</ItemCode><ItemType>1</ItemType><ItemName>תירס קל 12 אונס בואק</ItemName><ManufacturerName>לא ידוע</ManufacturerName><ManufactureCountry>ישראל</ManufactureCountry><ManufacturerItemDescription>תירס קל ואקום פתח-קל12 אנ</ManufacturerItemDescription><SoldByWeight/><Quantity>285.00</Quantity><UnitOfMeasure>גרם     </UnitOfMeasure><QtyInPackage>לא ידוע</QtyInPackage><UnitOfMeasurePrice>0.0239</UnitOfMeasurePrice><AllowDiscount>1</AllowDiscount><ItemStatus>1</ItemStatus><ItemPrice>6.80</ItemPrice></item><item><PriceUpdateDate>2016-02-02 05:51:06</PriceUpdateDate><ItemCode>7290005068492</ItemCode><ItemType>1</ItemType><ItemName>לקט ירקות מעורבים 70</ItemName><ManufacturerName>פרי הגליל</ManufacturerName><ManufactureCountry>ישראל</ManufactureCountry><ManufacturerItemDescription>לקט ירקות מעורבים 70</ManufacturerItemDescription><SoldByWeight/><Quantity>700.00</Quantity><UnitOfMeasure>גרם     </UnitOfMeasure><QtyInPackage>לא ידוע</QtyInPackage><UnitOfMeasurePrice>0.0169</UnitOfMeasurePrice><AllowDiscount>1</AllowDiscount><ItemStatus>1</ItemStatus><ItemPrice>11.80</ItemPrice></item><item><PriceUpdateDate>2016-03-01 06:44:38</PriceUpdateDate><ItemCode>7290005084355</ItemCode><ItemType>1</ItemType><ItemName>משחת שיניים סנסודיין</ItemName><ManufacturerName>סנסודיין</ManufacturerName><ManufactureCountry>ישראל</ManufactureCountry><ManufacturerItemDescription>משחת שיניים סנסודיין</ManufacturerItemDescription><SoldByWeight/><Quantity>75.00</Quantity><UnitOfMeasure>מ"ל</UnitOfMeasure><QtyInPackage>לא ידוע</QtyInPackage><UnitOfMeasurePrice>0.3320</UnitOfMeasurePrice><AllowDiscount>1</AllowDiscount><ItemStatus>1</ItemStatus><ItemPrice>24.90</ItemPrice></item><item><PriceUpdateDate>2016-03-16 14:00:30</PriceUpdateDate><ItemCode>7290005095269</ItemCode><ItemType>1</ItemType><ItemName>נרות חימום 50 יחידות</ItemName><ManufacturerName>לא ממותג</ManufacturerName><ManufactureCountry>ישראל</ManufactureCountry><ManufacturerItemDescription>להבונים 50 יח</ManufacturerItemDescription><SoldByWeight/><Quantity>20.00</Quantity><UnitOfMeasure>יח'</UnitOfMeasure><QtyInPackage>לא ידוע</QtyInPackage><UnitOfMeasurePrice>0.4950</UnitOfMeasurePrice><AllowDiscount>1</AllowDiscount><ItemStatus>1</ItemStatus><ItemPrice>9.90</ItemPrice></item><item><PriceUpdateDate>2016-05-01 12:07:04</PriceUpdateDate><ItemCode>7290005168369</ItemCode><ItemType>1</ItemType><ItemName>יין תירוש 750 מ"ל</ItemName><ManufacturerName>לא ממותג</ManufacturerName><ManufactureCountry>ישראל</ManufactureCountry><ManufacturerItemDescription>יין תירוש 750 מ"ל</ManufacturerItemDescription><SoldByWeight/><Quantity>750.00</Quantity><UnitOfMeasure>מ"ל</UnitOfMeasure><QtyInPackage>לא ידוע</QtyInPackage><UnitOfMeasurePrice>0.0180</UnitOfMeasurePrice><AllowDiscount>1</AllowDiscount><ItemStatus>1</ItemStatus><ItemPrice>13.50</ItemPrice></item><item><PriceUpdateDate>2015-11-15 20:35:20</PriceUpdateDate><ItemCode>7290005174513</ItemCode><ItemType>1</ItemType><ItemName>סלט חציל קלוי במיונז</ItemName><ManufacturerName>אחלה</ManufacturerName><ManufactureCountry>ישראל</ManufactureCountry><ManufacturerItemDescription>סלט 500חציל קלוי במיונז א</ManufacturerItemDescription><SoldByWeight/><Quantity>500.00</Quantity><UnitOfMeasure>גרם     </UnitOfMeasure><QtyInPackage>לא ידוע</QtyInPackage><UnitOfMeasurePrice>0.0354</UnitOfMeasurePrice><AllowDiscount>1</AllowDiscount><ItemStatus>1</ItemStatus><ItemPrice>17.70</ItemPrice></item><item><PriceUpdateDate>2016-03-29 07:10:58</PriceUpdateDate><ItemCode>7290005182136</ItemCode><ItemType>1</ItemType><ItemName>סוכרה דיאט 100 יח'</ItemName><ManufacturerName>סוכרה דיאט</ManufacturerName><ManufactureCountry>ישראל</ManufactureCountry><ManufacturerItemDescription>סוכרה דיאט 100 שקיות</ManufacturerItemDescription><SoldByWeight/><Quantity>100.00</Quantity><UnitOfMeasure>גרם     </UnitOfMeasure><QtyInPackage>לא ידוע</QtyInPackage><UnitOfMeasurePrice>0.2890</UnitOfMeasurePrice><AllowDiscount>1</AllowDiscount><ItemStatus>1</ItemStatus><ItemPrice>28.90</ItemPrice></item><item><PriceUpdateDate>2015-09-30 23:47:47</PriceUpdateDate><ItemCode>7290005200786</ItemCode><ItemType>1</ItemType><ItemName>חטיף תפוציפס שמנת בצ</ItemName><ManufacturerName>תפוציפס</ManufacturerName><ManufactureCountry>ישראל</ManufactureCountry><ManufacturerItemDescription>תפוציפס טעם שמנת ובצל50 ג</ManufacturerItemDescription><SoldByWeight/><Quantity>50.00</Quantity><UnitOfMeasure>גרם     </UnitOfMeasure><QtyInPackage>לא ידוע</QtyInPackage><UnitOfMeasurePrice>0.0780</UnitOfMeasurePrice><AllowDiscount>1</AllowDiscount><ItemStatus>1</ItemStatus><ItemPrice>3.90</ItemPrice></item><item><PriceUpdateDate>2015-09-30 23:47:47</PriceUpdateDate><ItemCode>7290005201882</ItemCode><ItemType>1</ItemType><ItemName>קפה טורקי עלית שקית</ItemName><ManufacturerName>טורקי עלית</ManufacturerName><ManufactureCountry>ישראל</ManufactureCountry><ManufacturerItemDescription>קפה טורקי בצלופן 200 גרם</ManufacturerItemDescription><SoldByWeight/><Quantity>200.00</Quantity><UnitOfMeasure>גרם     </UnitOfMeasure><QtyInPackage>לא ידוע</QtyInPackage><UnitOfMeasurePrice>0.0840</UnitOfMeasurePrice><AllowDiscount>1</AllowDiscount><ItemStatus>1</ItemStatus><ItemPrice>16.80</ItemPrice></item><item><PriceUpdateDate>2016-05-01 10:26:22</PriceUpdateDate><ItemCode>7290005287206</ItemCode><ItemType>1</ItemType><ItemName>טונה סטארקיסט בשמן ר</ItemName><ManufacturerName>סטארקיסט</ManufacturerName><ManufactureCountry>ישראל</ManufactureCountry><ManufacturerItemDescription>טונה סטארקיסט בשמן</ManufacturerItemDescription><SoldByWeight/><Quantity>448.00</Quantity><UnitOfMeasure>גרם     </UnitOfMeasure><QtyInPackage>לא ידוע</QtyInPackage><UnitOfMeasurePrice>0.0533</UnitOfMeasurePrice><AllowDiscount>1</AllowDiscount><ItemStatus>1</ItemStatus><ItemPrice>23.90</ItemPrice></item><item><PriceUpdateDate>2016-03-08 09:17:13</PriceUpdateDate><ItemCode>7290005287541</ItemCode><ItemType>1</ItemType><ItemName>טונה 160 גרם בשמן קנ</ItemName><ManufacturerName>סטארקיסט</ManufacturerName><ManufactureCountry>ישראל</ManufactureCountry><ManufacturerItemDescription>טונה סטארקיסט בשמן קנולה1</ManufacturerItemDescription><SoldByWeight/><Quantity>160.00</Quantity><UnitOfMeasure>גרם     </UnitOfMeasure><QtyInPackage>לא ידוע</QtyInPackage><UnitOfMeasurePrice>0.0494</UnitOfMeasurePrice><AllowDiscount>1</AllowDiscount><ItemStatus>1</ItemStatus><ItemPrice>7.90</ItemPrice></item><item><PriceUpdateDate>2014-12-28 14:44:01</PriceUpdateDate><ItemCode>7290005296857</ItemCode><ItemType>1</ItemType><ItemName>הפי ספריי מנקה ומברי</ItemName><ManufacturerName>הפי</ManufacturerName><ManufactureCountry>ישראל</ManufactureCountry><ManufacturerItemDescription>הפי ספריי מנקה ומברי</ManufacturerItemDescription><SoldByWeight/><Quantity>300.00</Quantity><UnitOfMeasure>מ"ל</UnitOfMeasure><QtyInPackage>לא ידוע</QtyInPackage><UnitOfMeasurePrice>0.0650</UnitOfMeasurePrice><AllowDiscount>1</AllowDiscount><ItemStatus>1</ItemStatus><ItemPrice>19.50</ItemPrice></item><item><PriceUpdateDate>2015-06-30 08:30:10</PriceUpdateDate><ItemCode>7290005384721</ItemCode><ItemType>1</ItemType><ItemName>אנשובי ארוך פתח קל 5</ItemName><ManufacturerName>וילי פוד</ManufacturerName><ManufactureCountry>ישראל</ManufactureCountry><ManufacturerItemDescription>אנשובי ארוך בשמן צמחי50 ג</ManufacturerItemDescription><SoldByWeight/><Quantity>140.00</Quantity><UnitOfMeasure>גרם     </UnitOfMeasure><QtyInPackage>לא ידוע</QtyInPackage><UnitOfMeasurePrice>0.0550</UnitOfMeasurePrice><AllowDiscount>1</AllowDiscount><ItemStatus>1</ItemStatus><ItemPrice>7.70</ItemPrice></item><item><PriceUpdateDate>2016-05-01 10:26:23</PriceUpdateDate><ItemCode>7290005423543</ItemCode><ItemType>1</ItemType><ItemName>מב משחת שיניים אורבי</ItemName><ManufacturerName>אורביטול</ManufacturerName><ManufactureCountry>ישראל</ManufactureCountry><ManufacturerItemDescription>מב משחת שיניים אורבי</ManufacturerItemDescription><SoldByWeight/><Quantity>145.00</Quantity><UnitOfMeasure>גרם     </UnitOfMeasure><QtyInPackage>לא ידוע</QtyInPackage><UnitOfMeasurePrice>0.0683</UnitOfMeasurePrice><AllowDiscount>1</AllowDiscount><ItemStatus>1</ItemStatus><ItemPrice>9.90</ItemPrice></item><item><PriceUpdateDate>2016-03-01 07:13:27</PriceUpdateDate><ItemCode>7290005423567</ItemCode><ItemType>1</ItemType><ItemName>מטליות בגליל 30 יחי</ItemName><ManufacturerName>סנו סושי</ManufacturerName><ManufactureCountry>ישראל</ManufactureCountry><ManufacturerItemDescription>מטלית סנו לכל צהוב 40 יח</ManufacturerItemDescription><SoldByWeight/><Quantity>0.00</Quantity><UnitOfMeasure>יח'</UnitOfMeasure><QtyInPackage>לא ידוע</QtyInPackage><UnitOfMeasurePrice>0.0000</UnitOfMeasurePrice><AllowDiscount>1</AllowDiscount><ItemStatus>1</ItemStatus><ItemPrice>22.90</ItemPrice></item><item><PriceUpdateDate>2016-05-01 10:26:23</PriceUpdateDate><ItemCode>7290005423635</ItemCode><ItemType>1</ItemType><ItemName>סנו ריצפז דוחה תיקני</ItemName><ManufacturerName>ריצפז</ManufacturerName><ManufactureCountry>ישראל</ManufactureCountry><ManufacturerItemDescription>ריצפז דוחה תיקנים 2 ל</ManufacturerItemDescription><SoldByWeight/><Quantity>2000.00</Quantity><UnitOfMeasure>מ"ל</UnitOfMeasure><QtyInPackage>לא ידוע</QtyInPackage><UnitOfMeasurePrice>0.0109</UnitOfMeasurePrice><AllowDiscount>1</AllowDiscount><ItemStatus>1</ItemStatus><ItemPrice>21.90</ItemPrice></item><item><PriceUpdateDate>2016-02-02 05:56:04</PriceUpdateDate><ItemCode>7290005423734</ItemCode><ItemType>1</ItemType><ItemName>מב מרכך כביסה מקסימה</ItemName><ManufacturerName>סנו מקסימה</ManufacturerName><ManufactureCountry>ישראל</ManufactureCountry><ManufacturerItemDescription>מרכך כביסה מקסימה אולטראפ</ManufacturerItemDescription><SoldByWeight/><Quantity>4000.00</Quantity><UnitOfMeasure>מ"ל</UnitOfMeasure><QtyInPackage>לא ידוע</QtyInPackage><UnitOfMeasurePrice>0.0055</UnitOfMeasurePrice><AllowDiscount>1</AllowDiscount><ItemStatus>1</ItemStatus><ItemPrice>21.90</ItemPrice></item><item><PriceUpdateDate>2016-05-01 10:26:24</PriceUpdateDate><ItemCode>7290005425196</ItemCode><ItemType>1</ItemType><ItemName>מב אבקת כביסה מקסימה</ItemName><ManufacturerName>סנו מקסימה</ManufacturerName><ManufactureCountry>ישראל</ManufactureCountry><ManufacturerItemDescription>מב אבקת כביסה מקסימה</ManufacturerItemDescription><SoldByWeight/><Quantity>2500.00</Quantity><UnitOfMeasure>גרם     </UnitOfMeasure><QtyInPackage>לא ידוע</QtyInPackage><UnitOfMeasurePrice>0.0104</UnitOfMeasurePrice><AllowDiscount>0</AllowDiscount><ItemStatus>1</ItemStatus><ItemPrice>25.90</ItemPrice></item><item><PriceUpdateDate>2016-03-01 06:44:39</PriceUpdateDate><ItemCode>7290005425523</ItemCode><ItemType>1</ItemType><ItemName>מגבונים לחים להסרת א</ItemName><ManufacturerName>קרמה</ManufacturerName><ManufactureCountry>ישראל</ManufactureCountry><ManufacturerItemDescription>מגבונים לחים להסרת א</ManufacturerItemDescription><SoldByWeight/><Quantity>0.00</Quantity><UnitOfMeasure>יח'</UnitOfMeasure><QtyInPackage>לא ידוע</QtyInPackage><UnitOfMeasurePrice>0.0000</UnitOfMeasurePrice><AllowDiscount>1</AllowDiscount><ItemStatus>1</ItemStatus><ItemPrice>21.30</ItemPrice></item><item><PriceUpdateDate>2015-11-02 17:20:19</PriceUpdateDate><ItemCode>7290005425547</ItemCode><ItemType>1</ItemType><ItemName>שמפו בייבי כיף אל דמ</ItemName><ManufacturerName>כיף</ManufacturerName><ManufactureCountry>ישראל</ManufactureCountry><ManufacturerItemDescription>שמפו בייבי כיף אל דמ</ManufacturerItemDescription><SoldByWeight/><Quantity>1000.00</Quantity><UnitOfMeasure>מ"ל</UnitOfMeasure><QtyInPackage>לא ידוע</QtyInPackage><UnitOfMeasurePrice>0.0223</UnitOfMeasurePrice><AllowDiscount>1</AllowDiscount><ItemStatus>1</ItemStatus><ItemPrice>22.30</ItemPrice></item><item><PriceUpdateDate>2016-05-01 10:26:24</PriceUpdateDate><ItemCode>7290005426230</ItemCode><ItemType>1</ItemType><ItemName>מב מטלית הפלא לריצפה</ItemName><ManufacturerName>סנו סושי</ManufacturerName><ManufactureCountry>ישראל</ManufactureCountry><ManufacturerItemDescription>מטלית הפלא לרצפה סנו סושי</ManufacturerItemDescription><SoldByWeight/><Quantity>0.00</Quantity><UnitOfMeasure>יח'</UnitOfMeasure><QtyInPackage>לא ידוע</QtyInPackage><UnitOfMeasurePrice>0.0000</UnitOfMeasurePrice><AllowDiscount>1</AllowDiscount><ItemStatus>1</ItemStatus><ItemPrice>10.90</ItemPrice></item><item><PriceUpdateDate>2016-05-01 12:07:07</PriceUpdateDate><ItemCode>7290005426964</ItemCode><ItemType>1</ItemType><ItemName>סנו סנובון שלישיה כח</ItemName><ManufacturerName>סנובון</ManufacturerName><ManufactureCountry>ישראל</ManufactureCountry><ManufacturerItemDescription>סנו סנובון שלישיה כח</ManufacturerItemDescription><SoldByWeight/><Quantity>55.00</Quantity><UnitOfMeasure>גרם     </UnitOfMeasure><QtyInPackage>לא ידוע</QtyInPackage><UnitOfMeasurePrice>0.3073</UnitOfMeasurePrice><AllowDiscount>1</AllowDiscount><ItemStatus>1</ItemStatus><ItemPrice>16.90</ItemPrice></item><item><PriceUpdateDate>2016-05-01 12:07:07</PriceUpdateDate><ItemCode>7290005426971</ItemCode><ItemType>1</ItemType><ItemName>סנו סנובון שלישיה כח</ItemName><ManufacturerName>סנובון</ManufacturerName><ManufactureCountry>ישראל</ManufactureCountry><ManufacturerItemDescription>סנו סנובון שלישיה כח</ManufacturerItemDescription><SoldByWeight/><Quantity>55.00</Quantity><UnitOfMeasure>גרם     </UnitOfMeasure><QtyInPackage>לא ידוע</QtyInPackage><UnitOfMeasurePrice>0.3073</UnitOfMeasurePrice><AllowDiscount>1</AllowDiscount><ItemStatus>1</ItemStatus><ItemPrice>16.90</ItemPrice></item><item><PriceUpdateDate>2016-03-29 07:10:58</PriceUpdateDate><ItemCode>7290005427107</ItemCode><ItemType>1</ItemType><ItemName>מגבות מטבח סנו סושי</ItemName><ManufacturerName>סנו סושי</ManufacturerName><ManufactureCountry>ישראל</ManufactureCountry><ManufacturerItemDescription>מגבות מטבח סנו סושי</ManufacturerItemDescription><SoldByWeight/><Quantity>14.00</Quantity><UnitOfMeasure>מטר</UnitOfMeasure><QtyInPackage>לא ידוע</QtyInPackage><UnitOfMeasurePrice>0.7786</UnitOfMeasurePrice><AllowDiscount>1</AllowDiscount><ItemStatus>1</ItemStatus><ItemPrice>10.90</ItemPrice></item><item><PriceUpdateDate>2016-05-01 10:26:26</PriceUpdateDate><ItemCode>7290005427541</ItemCode><ItemType>1</ItemType><ItemName>מב תחליב רחצה כיף שק</ItemName><ManufacturerName>כיף</ManufacturerName><ManufactureCountry>ישראל</ManufactureCountry><ManufacturerItemDescription>מב תחליב רחצה כיף שק</ManufacturerItemDescription><SoldByWeight/><Quantity>750.00</Quantity><UnitOfMeasure>מ"ל</UnitOfMeasure><QtyInPackage>לא ידוע</QtyInPackage><UnitOfMeasurePrice>0.0145</UnitOfMeasurePrice><AllowDiscount>1</AllowDiscount><ItemStatus>1</ItemStatus><ItemPrice>10.90</ItemPrice></item><item><PriceUpdateDate>2014-12-01 06:28:38</PriceUpdateDate><ItemCode>7290005427985</ItemCode><ItemType>1</ItemType><ItemName>תחליב רחצה קרמה פילי</ItemName><ManufacturerName>קרמה</ManufacturerName><ManufactureCountry>ישראל</ManufactureCountry><ManufacturerItemDescription>תחליב רחצה קרמה פילי</ManufacturerItemDescription><SoldByWeight/><Quantity>180.00</Quantity><UnitOfMeasure>מ"ל</UnitOfMeasure><QtyInPackage>לא ידוע</QtyInPackage><UnitOfMeasurePrice>0.1183</UnitOfMeasurePrice><AllowDiscount>1</AllowDiscount><ItemStatus>1</ItemStatus><ItemPrice>21.30</ItemPrice></item><item><PriceUpdateDate>2015-10-13 11:27:36</PriceUpdateDate><ItemCode>7290005431371</ItemCode><ItemType>1</ItemType><ItemName>מארז זוג מלבי חלבי 3</ItemName><ManufacturerName>עדן קינוחים</ManufacturerName><ManufactureCountry>ישראל</ManufactureCountry><ManufacturerItemDescription>מארז מעדן מלבי 330 גרם זו</ManufacturerItemDescription><SoldByWeight/><Quantity>330.00</Quantity><UnitOfMeasure>גרם     </UnitOfMeasure><QtyInPackage>לא ידוע</QtyInPackage><UnitOfMeasurePrice>0.0400</UnitOfMeasurePrice><AllowDiscount>1</AllowDiscount><ItemStatus>1</ItemStatus><ItemPrice>13.20</ItemPrice></item><item><PriceUpdateDate>2015-10-13 11:27:36</PriceUpdateDate><ItemCode>7290005431609</ItemCode><ItemType>1</ItemType><ItemName>מארז זוג עוגת טירמיס</ItemName><ManufacturerName>עדן קינוחים</ManufacturerName><ManufactureCountry>ישראל</ManufactureCountry><ManufacturerItemDescription>מארז זוג טרמיסו 172 גר</ManufacturerItemDescription><SoldByWeight/><Quantity>172.00</Quantity><UnitOfMeasure>גרם     </UnitOfMeasure><QtyInPackage>לא ידוע</QtyInPackage><UnitOfMeasurePrice>0.0767</UnitOfMeasurePrice><AllowDiscount>1</AllowDiscount><ItemStatus>1</ItemStatus><ItemPrice>13.20</ItemPrice></item><item><PriceUpdateDate>2015-09-18 08:58:54</PriceUpdateDate><ItemCode>7290005431692</ItemCode><ItemType>1</ItemType><ItemName>מארז זוג עוגת גבינה</ItemName><ManufacturerName>עדן קינוחים</ManufacturerName><ManufactureCountry>ישראל</ManufactureCountry><ManufacturerItemDescription>עוגת גבינה פירורים זוג</ManufacturerItemDescription><SoldByWeight/><Quantity>300.00</Quantity><UnitOfMeasure>גרם     </UnitOfMeasure><QtyInPackage>לא ידוע</QtyInPackage><UnitOfMeasurePrice>0.0430</UnitOfMeasurePrice><AllowDiscount>1</AllowDiscount><ItemStatus>1</ItemStatus><ItemPrice>12.90</ItemPrice></item><item><PriceUpdateDate>2015-09-18 08:58:54</PriceUpdateDate><ItemCode>7290005431708</ItemCode><ItemType>1</ItemType><ItemName>מארז זוג עוגת גבינה</ItemName><ManufacturerName>עדן קינוחים</ManufacturerName><ManufactureCountry>ישראל</ManufactureCountry><ManufacturerItemDescription>עוגת גבינה פירורים זוג</ManufacturerItemDescription><SoldByWeight/><Quantity>300.00</Quantity><UnitOfMeasure>גרם     </UnitOfMeasure><QtyInPackage>לא ידוע</QtyInPackage><UnitOfMeasurePrice>0.0430</UnitOfMeasurePrice><AllowDiscount>1</AllowDiscount><ItemStatus>1</ItemStatus><ItemPrice>12.90</ItemPrice></item><item><PriceUpdateDate>2015-11-12 07:12:34</PriceUpdateDate><ItemCode>7290005549618</ItemCode><ItemType>1</ItemType><ItemName>מרשמלו וניל תות 180</ItemName><ManufacturerName>לא ממותג</ManufacturerName><ManufactureCountry>ישראל</ManufactureCountry><ManufacturerItemDescription>מרשמלו וניל תות 180</ManufacturerItemDescription><SoldByWeight/><Quantity>180.00</Quantity><UnitOfMeasure>גרם     </UnitOfMeasure><QtyInPackage>לא ידוע</QtyInPackage><UnitOfMeasurePrice>0.0411</UnitOfMeasurePrice><AllowDiscount>1</AllowDiscount><ItemStatus>1</ItemStatus><ItemPrice>7.40</ItemPrice></item><item><PriceUpdateDate>2016-03-16 13:06:21</PriceUpdateDate><ItemCode>7290005564253</ItemCode><ItemType>1</ItemType><ItemName>ספרינג 1.5 ליטר טעם</ItemName><ManufacturerName>ספרינג</ManufacturerName><ManufactureCountry>ישראל</ManufactureCountry><ManufacturerItemDescription>ספרינג אגס סברס תפוח1.5 ל</ManufacturerItemDescription><SoldByWeight/><Quantity>1500.00</Quantity><UnitOfMeasure>מ"ל</UnitOfMeasure><QtyInPackage>לא ידוע</QtyInPackage><UnitOfMeasurePrice>0.0046</UnitOfMeasurePrice><AllowDiscount>1</AllowDiscount><ItemStatus>1</ItemStatus><ItemPrice>6.90</ItemPrice></item><item><PriceUpdateDate>2015-10-22 07:14:26</PriceUpdateDate><ItemCode>7290005591761</ItemCode><ItemType>1</ItemType><ItemName>דבש לחיץ מפרחי בר 40</ItemName><ManufacturerName>יד מרדכי</ManufacturerName><ManufactureCountry>ישראל</ManufactureCountry><ManufacturerItemDescription>דבש פרחי בר400 גר.בקלחיץ</ManufacturerItemDescription><SoldByWeight/><Quantity>400.00</Quantity><UnitOfMeasure>גרם     </UnitOfMeasure><QtyInPackage>לא ידוע</QtyInPackage><UnitOfMeasurePrice>0.0747</UnitOfMeasurePrice><AllowDiscount>1</AllowDiscount><ItemStatus>1</ItemStatus><ItemPrice>29.90</ItemPrice></item><item><PriceUpdateDate>2016-03-16 13:06:42</PriceUpdateDate><ItemCode>7290005605901</ItemCode><ItemType>1</ItemType><ItemName>פאנטה אקזוטיק 1.5 לי</ItemName><ManufacturerName>פאנטה אקזוטיק</ManufacturerName><ManufactureCountry>ישראל</ManufactureCountry><ManufacturerItemDescription>פאנטה אקזוטיק 1.5 ליטר</ManufacturerItemDescription><SoldByWeight/><Quantity>1500.00</Quantity><UnitOfMeasure>מ"ל</UnitOfMeasure><QtyInPackage>לא ידוע</QtyInPackage><UnitOfMeasurePrice>0.0046</UnitOfMeasurePrice><AllowDiscount>1</AllowDiscount><ItemStatus>1</ItemStatus><ItemPrice>6.90</ItemPrice></item><item><PriceUpdateDate>2014-12-01 06:29:22</PriceUpdateDate><ItemCode>7290005617645</ItemCode><ItemType>1</ItemType><ItemName>מגב חלון 20 ס"מ</ItemName><ManufacturerName>לא ממותג</ManufacturerName><ManufactureCountry>ישראל</ManufactureCountry><ManufacturerItemDescription>מגב חלון 20 ס"מ</ManufacturerItemDescription><SoldByWeight/><Quantity>1.00</Quantity><UnitOfMeasure>0</UnitOfMeasure><QtyInPackage>לא ידוע</QtyInPackage><UnitOfMeasurePrice>4.9000</UnitOfMeasurePrice><AllowDiscount>1</AllowDiscount><ItemStatus>1</ItemStatus><ItemPrice>4.90</ItemPrice></item><item><PriceUpdateDate>2015-10-13 11:27:36</PriceUpdateDate><ItemCode>7290005838002</ItemCode><ItemType>1</ItemType><ItemName>דניאלה וניל  150 מ"ל</ItemName><ManufacturerName>דניאלה</ManufacturerName><ManufactureCountry>ישראל</ManufactureCountry><ManufacturerItemDescription>דניאלה מעדן גבינה וניל 15</ManufacturerItemDescription><SoldByWeight/><Quantity>100.00</Quantity><UnitOfMeasure>מ"ל</UnitOfMeasure><QtyInPackage>לא ידוע</QtyInPackage><UnitOfMeasurePrice>0.0420</UnitOfMeasurePrice><AllowDiscount>1</AllowDiscount><ItemStatus>1</ItemStatus><ItemPrice>4.20</ItemPrice></item><item><PriceUpdateDate>2015-10-13 11:27:36</PriceUpdateDate><ItemCode>7290005838613</ItemCode><ItemType>1</ItemType><ItemName>גבינת סקי וניל 3% 12</ItemName><ManufacturerName>שטראוס</ManufacturerName><ManufactureCountry>ישראל</ManufactureCountry><ManufacturerItemDescription>גבינה סקי וניל125  גר</ManufacturerItemDescription><SoldByWeight/><Quantity>125.00</Quantity><UnitOfMeasure>גרם     </UnitOfMeasure><QtyInPackage>לא ידוע</QtyInPackage><UnitOfMeasurePrice>0.0304</UnitOfMeasurePrice><AllowDiscount>1</AllowDiscount><ItemStatus>1</ItemStatus><ItemPrice>3.80</ItemPrice></item><item><PriceUpdateDate>2015-10-13 11:27:36</PriceUpdateDate><ItemCode>7290005838972</ItemCode><ItemType>1</ItemType><ItemName>גבינת סקי 5% יום יום</ItemName><ManufacturerName>שטראוס</ManufacturerName><ManufactureCountry>ישראל</ManufactureCountry><ManufacturerItemDescription>גבינת סקי 5% יום יום</ManufacturerItemDescription><SoldByWeight/><Quantity>125.00</Quantity><UnitOfMeasure>גרם     </UnitOfMeasure><QtyInPackage>לא ידוע</QtyInPackage><UnitOfMeasurePrice>0.0280</UnitOfMeasurePrice><AllowDiscount>1</AllowDiscount><ItemStatus>1</ItemStatus><ItemPrice>3.50</ItemPrice></item><item><PriceUpdateDate>2015-10-13 11:27:36</PriceUpdateDate><ItemCode>7290005839078</ItemCode><ItemType>1</ItemType><ItemName>מארז שמינייה דנונה ב</ItemName><ManufacturerName>דנונה</ManufacturerName><ManufactureCountry>ישראל</ManufactureCountry><ManufacturerItemDescription>מארז שמינייה דנונה ב</ManufacturerItemDescription><SoldByWeight/><Quantity>1200.00</Quantity><UnitOfMeasure>מ"ל</UnitOfMeasure><QtyInPackage>לא ידוע</QtyInPackage><UnitOfMeasurePrice>0.0154</UnitOfMeasurePrice><AllowDiscount>1</AllowDiscount><ItemStatus>1</ItemStatus><ItemPrice>18.50</ItemPrice></item><item><PriceUpdateDate>2016-03-01 06:44:39</PriceUpdateDate><ItemCode>7290005839108</ItemCode><ItemType>1</ItemType><ItemName>סימפוניה 5% עם זיתים</ItemName><ManufacturerName>סימפוניה שטראוס</ManufacturerName><ManufactureCountry>ישראל</ManufactureCountry><ManufacturerItemDescription>סימפוניה 5% זיתים200 גר</ManufacturerItemDescription><SoldByWeight/><Quantity>200.00</Quantity><UnitOfMeasure>גרם     </UnitOfMeasure><QtyInPackage>לא ידוע</QtyInPackage><UnitOfMeasurePrice>0.0595</UnitOfMeasurePrice><AllowDiscount>0</AllowDiscount><ItemStatus>1</ItemStatus><ItemPrice>11.90</ItemPrice></item><item><PriceUpdateDate>2015-10-13 11:27:36</PriceUpdateDate><ItemCode>7290005839313</ItemCode><ItemType>1</ItemType><ItemName>מילקי טופ מגולגלת 14</ItemName><ManufacturerName>מילקי</ManufacturerName><ManufactureCountry>ישראל</ManufactureCountry><ManufacturerItemDescription>מילקי טופ מגולגלת 140 גר</ManufacturerItemDescription><SoldByWeight/><Quantity>141.00</Quantity><UnitOfMeasure>גרם     </UnitOfMeasure><QtyInPackage>לא ידוע</QtyInPackage><UnitOfMeasurePrice>0.0333</UnitOfMeasurePrice><AllowDiscount>1</AllowDiscount><ItemStatus>1</ItemStatus><ItemPrice>4.70</ItemPrice></item><item><PriceUpdateDate>2015-11-15 20:35:21</PriceUpdateDate><ItemCode>7290005854835</ItemCode><ItemType>1</ItemType><ItemName>טילון מגנום</ItemName><ManufacturerName>מגנום-גלידה</ManufacturerName><ManufactureCountry>ישראל</ManufactureCountry><ManufacturerItemDescription>טילון מגנום</ManufacturerItemDescription><SoldByWeight/><Quantity>0.00</Quantity><UnitOfMeasure>יח'</UnitOfMeasure><QtyInPackage>לא ידוע</QtyInPackage><UnitOfMeasurePrice>0.0000</UnitOfMeasurePrice><AllowDiscount>1</AllowDiscount><ItemStatus>1</ItemStatus><ItemPrice>11.20</ItemPrice></item><item><PriceUpdateDate>2015-10-14 10:41:06</PriceUpdateDate><ItemCode>7290005896828</ItemCode><ItemType>1</ItemType><ItemName>מים סאן בנדטו שישייה</ItemName><ManufacturerName>סאן בנדטו</ManufacturerName><ManufactureCountry>ישראל</ManufactureCountry><ManufacturerItemDescription>סן בנדטו1.5 ל 1/6מים מינר</ManufacturerItemDescription><SoldByWeight/><Quantity>9000.00</Quantity><UnitOfMeasure>מ"ל</UnitOfMeasure><QtyInPackage>לא ידוע</QtyInPackage><UnitOfMeasurePrice>0.0022</UnitOfMeasurePrice><AllowDiscount>1</AllowDiscount><ItemStatus>1</ItemStatus><ItemPrice>20.20</ItemPrice></item><item><PriceUpdateDate>2015-10-14 10:41:06</PriceUpdateDate><ItemCode>7290005896835</ItemCode><ItemType>1</ItemType><ItemName>מים סאן בנדטו מוגז ש</ItemName><ManufacturerName>סאן בנדטו</ManufacturerName><ManufactureCountry>איטליה</ManufactureCountry><ManufacturerItemDescription>מי פה ליסטרין טוטל קר750</ManufacturerItemDescription><SoldByWeight/><Quantity>9000.00</Quantity><UnitOfMeasure>מ"ל</UnitOfMeasure><QtyInPackage>לא ידוע</QtyInPackage><UnitOfMeasurePrice>0.0023</UnitOfMeasurePrice><AllowDiscount>1</AllowDiscount><ItemStatus>1</ItemStatus><ItemPrice>20.60</ItemPrice></item><item><PriceUpdateDate>2016-05-01 12:07:12</PriceUpdateDate><ItemCode>7290005966033</ItemCode><ItemType>1</ItemType><ItemName>יין ירדן חרמון לבן 2</ItemName><ManufacturerName>ירדן - הר חרמון לבן</ManufacturerName><ManufactureCountry>ישראל</ManufactureCountry><ManufacturerItemDescription>יין הר חרמון לבן 750 מל</ManufacturerItemDescription><SoldByWeight/><Quantity>750.00</Quantity><UnitOfMeasure>מ"ל</UnitOfMeasure><QtyInPackage>לא ידוע</QtyInPackage><UnitOfMeasurePrice>0.0439</UnitOfMeasurePrice><AllowDiscount>1</AllowDiscount><ItemStatus>1</ItemStatus><ItemPrice>32.90</ItemPrice></item><item><PriceUpdateDate>2016-05-01 12:07:12</PriceUpdateDate><ItemCode>7290005966088</ItemCode><ItemType>1</ItemType><ItemName>יין ירדן חרמון אדום</ItemName><ManufacturerName>ירדן - הר חרמון אדום</ManufacturerName><ManufactureCountry>ישראל</ManufactureCountry><ManufacturerItemDescription>יין הר חרמון אדום 750 מל</ManufacturerItemDescription><SoldByWeight/><Quantity>750.00</Quantity><UnitOfMeasure>מ"ל</UnitOfMeasure><QtyInPackage>לא ידוע</QtyInPackage><UnitOfMeasurePrice>0.0439</UnitOfMeasurePrice><AllowDiscount>1</AllowDiscount><ItemStatus>1</ItemStatus><ItemPrice>32.90</ItemPrice></item><item><PriceUpdateDate>2015-11-13 10:56:50</PriceUpdateDate><ItemCode>7290005992018</ItemCode><ItemType>1</ItemType><ItemName>יוגורט עיזים3% 500 מ</ItemName><ManufacturerName>גד</ManufacturerName><ManufactureCountry>ישראל</ManufactureCountry><ManufacturerItemDescription>יוגורט עזים 500  מל</ManufacturerItemDescription><SoldByWeight/><Quantity>500.00</Quantity><UnitOfMeasure>מ"ל</UnitOfMeasure><QtyInPackage>לא ידוע</QtyInPackage><UnitOfMeasurePrice>0.0300</UnitOfMeasurePrice><AllowDiscount>1</AllowDiscount><ItemStatus>1</ItemStatus><ItemPrice>15.00</ItemPrice></item><item><PriceUpdateDate>2016-03-01 07:13:28</PriceUpdateDate><ItemCode>7290005992575</ItemCode><ItemType>1</ItemType><ItemName>מב בולגרית למריחה 25</ItemName><ManufacturerName>גד</ManufacturerName><ManufactureCountry>ישראל</ManufactureCountry><ManufacturerItemDescription>גבינה בולגרית למריחה 250</ManufacturerItemDescription><SoldByWeight/><Quantity>250.00</Quantity><UnitOfMeasure>גרם     </UnitOfMeasure><QtyInPackage>לא ידוע</QtyInPackage><UnitOfMeasurePrice>0.0396</UnitOfMeasurePrice><AllowDiscount>1</AllowDiscount><ItemStatus>1</ItemStatus><ItemPrice>9.90</ItemPrice></item><item><PriceUpdateDate>2016-03-01 06:44:40</PriceUpdateDate><ItemCode>7290005992735</ItemCode><ItemType>1</ItemType><ItemName>לאבנה 250 גרם</ItemName><ManufacturerName>גד</ManufacturerName><ManufactureCountry>ישראל</ManufactureCountry><ManufacturerItemDescription>גבינת לאבנה 250 5% גרם</ManufacturerItemDescription><SoldByWeight/><Quantity>250.00</Quantity><UnitOfMeasure>גרם     </UnitOfMeasure><QtyInPackage>לא ידוע</QtyInPackage><UnitOfMeasurePrice>0.0516</UnitOfMeasurePrice><AllowDiscount>0</AllowDiscount><ItemStatus>1</ItemStatus><ItemPrice>12.90</ItemPrice></item><item><PriceUpdateDate>2016-03-01 07:13:28</PriceUpdateDate><ItemCode>7290006229069</ItemCode><ItemType>1</ItemType><ItemName>משקה ג'אמפ ענבים 1.5</ItemName><ManufacturerName>גאמפ</ManufacturerName><ManufactureCountry>ישראל</ManufactureCountry><ManufacturerItemDescription>משקה ג'אמפ ענבים 1.5</ManufacturerItemDescription><SoldByWeight/><Quantity>1500.00</Quantity><UnitOfMeasure>מ"ל</UnitOfMeasure><QtyInPackage>לא ידוע</QtyInPackage><UnitOfMeasurePrice>0.0046</UnitOfMeasurePrice><AllowDiscount>1</AllowDiscount><ItemStatus>1</ItemStatus><ItemPrice>6.90</ItemPrice></item><item><PriceUpdateDate>2016-04-01 07:33:10</PriceUpdateDate><ItemCode>7290006241085</ItemCode><ItemType>1</ItemType><ItemName>מב מיץ פריגת סחוט קל</ItemName><ManufacturerName>פריגת</ManufacturerName><ManufactureCountry>ישראל</ManufactureCountry><ManufacturerItemDescription>מב מיץ פריגת סחוט קל</ManufacturerItemDescription><SoldByWeight/><Quantity>2000.00</Quantity><UnitOfMeasure>מ"ל</UnitOfMeasure><QtyInPackage>לא ידוע</QtyInPackage><UnitOfMeasurePrice>0.0109</UnitOfMeasurePrice><AllowDiscount>1</AllowDiscount><ItemStatus>1</ItemStatus><ItemPrice>21.90</ItemPrice></item><item><PriceUpdateDate>2015-11-30 11:32:17</PriceUpdateDate><ItemCode>7290006241153</ItemCode><ItemType>1</ItemType><ItemName>גת פקאן סיני בשקית 1</ItemName><ManufacturerName>ליימן חטיבת המותגים</ManufacturerName><ManufactureCountry>ישראל</ManufactureCountry><ManufacturerItemDescription>גת פקאן סיני בשקית 1</ManufacturerItemDescription><SoldByWeight/><Quantity>150.00</Quantity><UnitOfMeasure>גרם     </UnitOfMeasure><QtyInPackage>לא ידוע</QtyInPackage><UnitOfMeasurePrice>0.1827</UnitOfMeasurePrice><AllowDiscount>1</AllowDiscount><ItemStatus>1</ItemStatus><ItemPrice>27.40</ItemPrice></item><item><PriceUpdateDate>2016-05-01 12:07:12</PriceUpdateDate><ItemCode>7290006241191</ItemCode><ItemType>1</ItemType><ItemName>גת אגוזי מלך שקית 15</ItemName><ManufacturerName>ליימן חטיבת המותגים</ManufacturerName><ManufactureCountry>ישראל</ManufactureCountry><ManufacturerItemDescription>גת אגוזי מלך שקית 15</ManufacturerItemDescription><SoldByWeight/><Quantity>150.00</Quantity><UnitOfMeasure>גרם     </UnitOfMeasure><QtyInPackage>לא ידוע</QtyInPackage><UnitOfMeasurePrice>0.1440</UnitOfMeasurePrice><AllowDiscount>1</AllowDiscount><ItemStatus>1</ItemStatus><ItemPrice>21.60</ItemPrice></item><item><PriceUpdateDate>2015-11-02 17:20:22</PriceUpdateDate><ItemCode>7290006241511</ItemCode><ItemType>1</ItemType><ItemName>פריגת קפוא לימון נענ</ItemName><ManufacturerName>פריגת קפוא</ManufacturerName><ManufactureCountry>ישראל</ManufactureCountry><ManufacturerItemDescription>פריגת קפוא לימון נענ</ManufacturerItemDescription><SoldByWeight/><Quantity>340.00</Quantity><UnitOfMeasure>מ"ל</UnitOfMeasure><QtyInPackage>לא ידוע</QtyInPackage><UnitOfMeasurePrice>0.0379</UnitOfMeasurePrice><AllowDiscount>1</AllowDiscount><ItemStatus>1</ItemStatus><ItemPrice>12.90</ItemPrice></item><item><PriceUpdateDate>2015-11-12 07:10:19</PriceUpdateDate><ItemCode>7290006251107</ItemCode><ItemType>1</ItemType><ItemName>מסאלה צ'אי</ItemName><ManufacturerName>ויסוצקי</ManufacturerName><ManufactureCountry>ישראל</ManufactureCountry><ManufacturerItemDescription>תה מסאלה צאי 2/25 גר</ManufacturerItemDescription><SoldByWeight/><Quantity>50.00</Quantity><UnitOfMeasure>גרם     </UnitOfMeasure><QtyInPackage>לא ידוע</QtyInPackage><UnitOfMeasurePrice>0.4100</UnitOfMeasurePrice><AllowDiscount>1</AllowDiscount><ItemStatus>1</ItemStatus><ItemPrice>20.50</ItemPrice></item><item><PriceUpdateDate>2016-01-04 21:30:45</PriceUpdateDate><ItemCode>7290006362582</ItemCode><ItemType>1</ItemType><ItemName>דרך ארץ קברנה סוביני</ItemName><ManufacturerName>לא ממותג</ManufacturerName><ManufactureCountry>לא ידוע</ManufactureCountry><ManufacturerItemDescription>דרך ארץ קברנה סוביני</ManufacturerItemDescription><SoldByWeight/><Quantity>750.00</Quantity><UnitOfMeasure>מ"ל</UnitOfMeasure><QtyInPackage>לא ידוע</QtyInPackage><UnitOfMeasurePrice>0.0452</UnitOfMeasurePrice><AllowDiscount>1</AllowDiscount><ItemStatus>1</ItemStatus><ItemPrice>33.90</ItemPrice></item><item><PriceUpdateDate>2016-03-01 06:44:41</PriceUpdateDate><ItemCode>7290006364142</ItemCode><ItemType>1</ItemType><ItemName>קינלי סודה רביעיות 1</ItemName><ManufacturerName>קינלי</ManufacturerName><ManufactureCountry>ישראל</ManufactureCountry><ManufacturerItemDescription>סודה קינלי 1.5 ליטר</ManufacturerItemDescription><SoldByWeight/><Quantity>6000.00</Quantity><UnitOfMeasure>מ"ל</UnitOfMeasure><QtyInPackage>לא ידוע</QtyInPackage><UnitOfMeasurePrice>0.0024</UnitOfMeasurePrice><AllowDiscount>1</AllowDiscount><ItemStatus>1</ItemStatus><ItemPrice>14.50</ItemPrice></item><item><PriceUpdateDate>2014-12-01 06:27:39</PriceUpdateDate><ItemCode>7290006374660</ItemCode><ItemType>1</ItemType><ItemName>שמן זית יד מרדכי כתי</ItemName><ManufacturerName>יד מרדכי</ManufacturerName><ManufactureCountry>ישראל</ManufactureCountry><ManufacturerItemDescription>שמן זית יד מרדכי כתי</ManufacturerItemDescription><SoldByWeight/><Quantity>1000.00</Quantity><UnitOfMeasure>מ"ל</UnitOfMeasure><QtyInPackage>לא ידוע</QtyInPackage><UnitOfMeasurePrice>0.0555</UnitOfMeasurePrice><AllowDiscount>1</AllowDiscount><ItemStatus>1</ItemStatus><ItemPrice>55.50</ItemPrice></item><item><PriceUpdateDate>2015-11-15 20:35:21</PriceUpdateDate><ItemCode>7290006376039</ItemCode><ItemType>1</ItemType><ItemName>קוואקר שקית 500 גרם</ItemName><ManufacturerName>לא ממותג</ManufacturerName><ManufactureCountry>ישראל</ManufactureCountry><ManufacturerItemDescription>קוואקר שקית 500 גרם</ManufacturerItemDescription><SoldByWeight/><Quantity>500.00</Quantity><UnitOfMeasure>גרם     </UnitOfMeasure><QtyInPackage>לא ידוע</QtyInPackage><UnitOfMeasurePrice>0.0184</UnitOfMeasurePrice><AllowDiscount>1</AllowDiscount><ItemStatus>1</ItemStatus><ItemPrice>9.20</ItemPrice></item><item><PriceUpdateDate>2016-03-29 07:10:59</PriceUpdateDate><ItemCode>7290006459145</ItemCode><ItemType>1</ItemType><ItemName>אורז יסמין 1 ק''ג</ItemName><ManufacturerName>GOLDEN DIAMOND</ManufacturerName><ManufactureCountry>ישראל</ManufactureCountry><ManufacturerItemDescription>אורז יסמין 1 ק''ג</ManufacturerItemDescription><SoldByWeight/><Quantity>1000.00</Quantity><UnitOfMeasure>גרם     </UnitOfMeasure><QtyInPackage>לא ידוע</QtyInPackage><UnitOfMeasurePrice>0.0142</UnitOfMeasurePrice><AllowDiscount>1</AllowDiscount><ItemStatus>1</ItemStatus><ItemPrice>14.20</ItemPrice></item><item><PriceUpdateDate>2016-02-02 05:51:09</PriceUpdateDate><ItemCode>7290006459152</ItemCode><ItemType>1</ItemType><ItemName>אורז פרסי 1 ק''ג</ItemName><ManufacturerName>GOLDEN DIAMOND</ManufacturerName><ManufactureCountry>ישראל</ManufactureCountry><ManufacturerItemDescription>אורז פרסי 1 ק''ג</ManufacturerItemDescription><SoldByWeight/><Quantity>1000.00</Quantity><UnitOfMeasure>גרם     </UnitOfMeasure><QtyInPackage>לא ידוע</QtyInPackage><UnitOfMeasurePrice>0.0087</UnitOfMeasurePrice><AllowDiscount>1</AllowDiscount><ItemStatus>1</ItemStatus><ItemPrice>8.70</ItemPrice></item><item><PriceUpdateDate>2016-02-02 05:51:09</PriceUpdateDate><ItemCode>7290006492432</ItemCode><ItemType>1</ItemType><ItemName>גבינה בייבי 150 גרם</ItemName><ManufacturerName>גד</ManufacturerName><ManufactureCountry>ישראל</ManufactureCountry><ManufacturerItemDescription>גבינה מוצרלה בייבי 150 גר</ManufacturerItemDescription><SoldByWeight/><Quantity>150.00</Quantity><UnitOfMeasure>גרם     </UnitOfMeasure><QtyInPackage>לא ידוע</QtyInPackage><UnitOfMeasurePrice>0.1100</UnitOfMeasurePrice><AllowDiscount>1</AllowDiscount><ItemStatus>1</ItemStatus><ItemPrice>16.50</ItemPrice></item><item><PriceUpdateDate>2015-11-13 10:56:50</PriceUpdateDate><ItemCode>7290006492616</ItemCode><ItemType>1</ItemType><ItemName>גבינה בולגרית בפרוסו</ItemName><ManufacturerName>גד</ManufacturerName><ManufactureCountry>ישראל</ManufactureCountry><ManufacturerItemDescription>גבינה בולגרית בפרוסות</ManufacturerItemDescription><SoldByWeight/><Quantity>250.00</Quantity><UnitOfMeasure>גרם     </UnitOfMeasure><QtyInPackage>לא ידוע</QtyInPackage><UnitOfMeasurePrice>0.1196</UnitOfMeasurePrice><AllowDiscount>1</AllowDiscount><ItemStatus>1</ItemStatus><ItemPrice>29.90</ItemPrice></item><item><PriceUpdateDate>2015-11-13 10:56:50</PriceUpdateDate><ItemCode>7290006492852</ItemCode><ItemType>1</ItemType><ItemName>גבינה לבנה עיזים 250</ItemName><ManufacturerName>גד</ManufacturerName><ManufactureCountry>ישראל</ManufactureCountry><ManufacturerItemDescription>גבינה לבנה עיזים 250 5%גר</ManufacturerItemDescription><SoldByWeight/><Quantity>250.00</Quantity><UnitOfMeasure>גרם     </UnitOfMeasure><QtyInPackage>לא ידוע</QtyInPackage><UnitOfMeasurePrice>0.0816</UnitOfMeasurePrice><AllowDiscount>1</AllowDiscount><ItemStatus>1</ItemStatus><ItemPrice>20.40</ItemPrice></item><item><PriceUpdateDate>2015-12-01 07:18:06</PriceUpdateDate><ItemCode>7290006511751</ItemCode><ItemType>1</ItemType><ItemName>פטריות חתוך 290 גרם</ItemName><ManufacturerName>וילי פוד</ManufacturerName><ManufactureCountry>ישראל</ManufactureCountry><ManufacturerItemDescription>פטריות חתוך 290 גרם</ManufacturerItemDescription><SoldByWeight/><Quantity>290.00</Quantity><UnitOfMeasure>גרם     </UnitOfMeasure><QtyInPackage>לא ידוע</QtyInPackage><UnitOfMeasurePrice>0.0476</UnitOfMeasurePrice><AllowDiscount>1</AllowDiscount><ItemStatus>1</ItemStatus><ItemPrice>13.80</ItemPrice></item><item><PriceUpdateDate>2016-03-29 07:28:37</PriceUpdateDate><ItemCode>7290006618078</ItemCode><ItemType>1</ItemType><ItemName>מב אסטוניש מרסס לניק</ItemName><ManufacturerName>אסטוניש</ManufacturerName><ManufactureCountry>ישראל</ManufactureCountry><ManufacturerItemDescription>מב אסטוניש מרסס לניק</ManufacturerItemDescription><SoldByWeight/><Quantity>750.00</Quantity><UnitOfMeasure>מ"ל</UnitOfMeasure><QtyInPackage>לא ידוע</QtyInPackage><UnitOfMeasurePrice>0.0159</UnitOfMeasurePrice><AllowDiscount>1</AllowDiscount><ItemStatus>1</ItemStatus><ItemPrice>11.90</ItemPrice></item><item><PriceUpdateDate>2016-03-16 13:06:21</PriceUpdateDate><ItemCode>7290006644626</ItemCode><ItemType>1</ItemType><ItemName>ספרינג 1.5 ליטר פירו</ItemName><ManufacturerName>ספרינג</ManufacturerName><ManufactureCountry>ישראל</ManufactureCountry><ManufacturerItemDescription>ספרינג פירות קיץ טרופיים</ManufacturerItemDescription><SoldByWeight/><Quantity>1500.00</Quantity><UnitOfMeasure>מ"ל</UnitOfMeasure><QtyInPackage>לא ידוע</QtyInPackage><UnitOfMeasurePrice>0.0046</UnitOfMeasurePrice><AllowDiscount>1</AllowDiscount><ItemStatus>1</ItemStatus><ItemPrice>6.90</ItemPrice></item><item><PriceUpdateDate>2014-12-01 06:28:27</PriceUpdateDate><ItemCode>7290006644817</ItemCode><ItemType>1</ItemType><ItemName>שוופס סודה רביעייה 1</ItemName><ManufacturerName>שוופס</ManufacturerName><ManufactureCountry>ישראל</ManufactureCountry><ManufacturerItemDescription>סודה שוופס 1.5 מארז</ManufacturerItemDescription><SoldByWeight/><Quantity>6000.00</Quantity><UnitOfMeasure>מ"ל</UnitOfMeasure><QtyInPackage>לא ידוע</QtyInPackage><UnitOfMeasurePrice>0.0018</UnitOfMeasurePrice><AllowDiscount>1</AllowDiscount><ItemStatus>1</ItemStatus><ItemPrice>11.00</ItemPrice></item><item><PriceUpdateDate>2016-03-29 07:10:59</PriceUpdateDate><ItemCode>7290006651396</ItemCode><ItemType>1</ItemType><ItemName>שמפו ד"ר פישר קידס 7</ItemName><ManufacturerName>ד"ר פישר</ManufacturerName><ManufactureCountry>ישראל</ManufactureCountry><ManufacturerItemDescription>שמפו ד"ר פישר קידס 7</ManufacturerItemDescription><SoldByWeight/><Quantity>750.00</Quantity><UnitOfMeasure>מ"ל</UnitOfMeasure><QtyInPackage>לא ידוע</QtyInPackage><UnitOfMeasurePrice>0.0300</UnitOfMeasurePrice><AllowDiscount>1</AllowDiscount><ItemStatus>1</ItemStatus><ItemPrice>22.50</ItemPrice></item><item><PriceUpdateDate>2016-03-01 06:44:41</PriceUpdateDate><ItemCode>7290006664167</ItemCode><ItemType>1</ItemType><ItemName>סימפוניה 3% עם שום ש</ItemName><ManufacturerName>סימפוניה שטראוס</ManufacturerName><ManufactureCountry>ישראל</ManufactureCountry><ManufacturerItemDescription>סימפוניה 3% שום שמיר</ManufacturerItemDescription><SoldByWeight/><Quantity>200.00</Quantity><UnitOfMeasure>גרם     </UnitOfMeasure><QtyInPackage>לא ידוע</QtyInPackage><UnitOfMeasurePrice>0.0595</UnitOfMeasurePrice><AllowDiscount>0</AllowDiscount><ItemStatus>1</ItemStatus><ItemPrice>11.90</ItemPrice></item><item><PriceUpdateDate>2015-12-08 07:01:04</PriceUpdateDate><ItemCode>7290006664310</ItemCode><ItemType>1</ItemType><ItemName>גבינת סקי 3% 250 גרם</ItemName><ManufacturerName>שטראוס</ManufacturerName><ManufactureCountry>ישראל</ManufactureCountry><ManufacturerItemDescription>גבינה סקי 250 3% גרם</ManufacturerItemDescription><SoldByWeight/><Quantity>250.00</Quantity><UnitOfMeasure>גרם     </UnitOfMeasure><QtyInPackage>לא ידוע</QtyInPackage><UnitOfMeasurePrice>0.0192</UnitOfMeasurePrice><AllowDiscount>1</AllowDiscount><ItemStatus>1</ItemStatus><ItemPrice>4.80</ItemPrice></item><item><PriceUpdateDate>2016-02-11 11:10:55</PriceUpdateDate><ItemCode>7290006664402</ItemCode><ItemType>1</ItemType><ItemName>גבינת סקי 5% 750 גרם</ItemName><ManufacturerName>שטראוס</ManufacturerName><ManufactureCountry>ישראל</ManufactureCountry><ManufacturerItemDescription>גבינת סקי 5% 750 גרם</ManufacturerItemDescription><SoldByWeight/><Quantity>750.00</Quantity><UnitOfMeasure>גרם     </UnitOfMeasure><QtyInPackage>לא ידוע</QtyInPackage><UnitOfMeasurePrice>0.0184</UnitOfMeasurePrice><AllowDiscount>1</AllowDiscount><ItemStatus>1</ItemStatus><ItemPrice>13.80</ItemPrice></item><item><PriceUpdateDate>2015-12-28 12:32:12</PriceUpdateDate><ItemCode>7290006664532</ItemCode><ItemType>1</ItemType><ItemName>דנונה תות 3% 150 גרם</ItemName><ManufacturerName>דנונה</ManufacturerName><ManufactureCountry>ישראל</ManufactureCountry><ManufacturerItemDescription>יוגורט דנונה תות</ManufacturerItemDescription><SoldByWeight/><Quantity>150.00</Quantity><UnitOfMeasure>גרם     </UnitOfMeasure><QtyInPackage>לא ידוע</QtyInPackage><UnitOfMeasurePrice>0.0333</UnitOfMeasurePrice><AllowDiscount>1</AllowDiscount><ItemStatus>1</ItemStatus><ItemPrice>5.00</ItemPrice></item><item><PriceUpdateDate>2015-12-17 11:43:06</PriceUpdateDate><ItemCode>7290006664631</ItemCode><ItemType>1</ItemType><ItemName>מארז אקטימל תות שמינ</ItemName><ManufacturerName>אקטימל</ManufacturerName><ManufactureCountry>ישראל</ManufactureCountry><ManufacturerItemDescription>מארז אקטימל תות 8 יח</ManufacturerItemDescription><SoldByWeight/><Quantity>850.00</Quantity><UnitOfMeasure>מ"ל</UnitOfMeasure><QtyInPackage>לא ידוע</QtyInPackage><UnitOfMeasurePrice>0.0258</UnitOfMeasurePrice><AllowDiscount>1</AllowDiscount><ItemStatus>1</ItemStatus><ItemPrice>21.90</ItemPrice></item><item><PriceUpdateDate>2015-12-17 11:43:06</PriceUpdateDate><ItemCode>7290006664655</ItemCode><ItemType>1</ItemType><ItemName>מארז אקטימל טבעי שמי</ItemName><ManufacturerName>אקטימל</ManufacturerName><ManufactureCountry>ישראל</ManufactureCountry><ManufacturerItemDescription>מארז אקטימל 8 יח</ManufacturerItemDescription><SoldByWeight/><Quantity>850.00</Quantity><UnitOfMeasure>מ"ל</UnitOfMeasure><QtyInPackage>לא ידוע</QtyInPackage><UnitOfMeasurePrice>0.0258</UnitOfMeasurePrice><AllowDiscount>1</AllowDiscount><ItemStatus>1</ItemStatus><ItemPrice>21.90</ItemPrice></item><item><PriceUpdateDate>2015-12-28 12:32:12</PriceUpdateDate><ItemCode>7290006664693</ItemCode><ItemType>1</ItemType><ItemName>דנונה אפרסק 3% 150 ג</ItemName><ManufacturerName>דנונה</ManufacturerName><ManufactureCountry>ישראל</ManufactureCountry><ManufacturerItemDescription>דנונה אפרסק 150 3% גרם</ManufacturerItemDescription><SoldByWeight/><Quantity>150.00</Quantity><UnitOfMeasure>גרם     </UnitOfMeasure><QtyInPackage>לא ידוע</QtyInPackage><UnitOfMeasurePrice>0.0333</UnitOfMeasurePrice><AllowDiscount>1</AllowDiscount><ItemStatus>1</ItemStatus><ItemPrice>5.00</ItemPrice></item><item><PriceUpdateDate>2015-09-30 23:47:47</PriceUpdateDate><ItemCode>7290006664990</ItemCode><ItemType>1</ItemType><ItemName>מארז דנונה ביו 1.7%</ItemName><ManufacturerName>דנונה</ManufacturerName><ManufactureCountry>ישראל</ManufactureCountry><ManufacturerItemDescription>מארז דנונה ביו 1.7%</ManufacturerItemDescription><SoldByWeight/><Quantity>1200.00</Quantity><UnitOfMeasure>מ"ל</UnitOfMeasure><QtyInPackage>לא ידוע</QtyInPackage><UnitOfMeasurePrice>0.0147</UnitOfMeasurePrice><AllowDiscount>1</AllowDiscount><ItemStatus>1</ItemStatus><ItemPrice>17.60</ItemPrice></item><item><PriceUpdateDate>2016-03-29 07:10:59</PriceUpdateDate><ItemCode>7290006678928</ItemCode><ItemType>1</ItemType><ItemName>ריבה רוסמן 1 ק''ג תו</ItemName><ManufacturerName>לא ממותג</ManufacturerName><ManufactureCountry>ישראל</ManufactureCountry><ManufacturerItemDescription>ריבה רוסמן 1 ק''ג תו</ManufacturerItemDescription><SoldByWeight/><Quantity>1000.00</Quantity><UnitOfMeasure>גרם     </UnitOfMeasure><QtyInPackage>לא ידוע</QtyInPackage><UnitOfMeasurePrice>0.0265</UnitOfMeasurePrice><AllowDiscount>1</AllowDiscount><ItemStatus>1</ItemStatus><ItemPrice>26.50</ItemPrice></item><item><PriceUpdateDate>2016-03-29 07:28:37</PriceUpdateDate><ItemCode>7290006681003</ItemCode><ItemType>1</ItemType><ItemName>מב גלידות קרמיסימו ס</ItemName><ManufacturerName>קרמיסימו</ManufacturerName><ManufactureCountry>ישראל</ManufactureCountry><ManufacturerItemDescription>מב גלידות קרמיסימו ס</ManufacturerItemDescription><SoldByWeight/><Quantity>1330.00</Quantity><UnitOfMeasure>מ"ל</UnitOfMeasure><QtyInPackage>לא ידוע</QtyInPackage><UnitOfMeasurePrice>0.0142</UnitOfMeasurePrice><AllowDiscount>1</AllowDiscount><ItemStatus>1</ItemStatus><ItemPrice>18.90</ItemPrice></item><item><PriceUpdateDate>2015-11-15 20:35:22</PriceUpdateDate><ItemCode>7290006681089</ItemCode><ItemType>1</ItemType><ItemName>גלידת לייט מיני סנדו</ItemName><ManufacturerName>שטראוס לייט</ManufacturerName><ManufactureCountry>ישראל</ManufactureCountry><ManufacturerItemDescription>מאגדת לייט מיני סנדוויץ</ManufacturerItemDescription><SoldByWeight/><Quantity>200.00</Quantity><UnitOfMeasure>גרם     </UnitOfMeasure><QtyInPackage>לא ידוע</QtyInPackage><UnitOfMeasurePrice>0.1740</UnitOfMeasurePrice><AllowDiscount>1</AllowDiscount><ItemStatus>1</ItemStatus><ItemPrice>34.80</ItemPrice></item><item><PriceUpdateDate>2016-05-01 10:26:45</PriceUpdateDate><ItemCode>7290006681577</ItemCode><ItemType>1</ItemType><ItemName>מב אסקימו לימון דובד</ItemName><ManufacturerName>אסקימו</ManufacturerName><ManufactureCountry>ישראל</ManufactureCountry><ManufacturerItemDescription>מאגדת אסקימו לימון דובדבן</ManufacturerItemDescription><SoldByWeight/><Quantity>700.00</Quantity><UnitOfMeasure>גרם     </UnitOfMeasure><QtyInPackage>לא ידוע</QtyInPackage><UnitOfMeasurePrice>0.0184</UnitOfMeasurePrice><AllowDiscount>1</AllowDiscount><ItemStatus>1</ItemStatus><ItemPrice>12.90</ItemPrice></item><item><PriceUpdateDate>2016-03-01 06:44:41</PriceUpdateDate><ItemCode>7290006681843</ItemCode><ItemType>1</ItemType><ItemName>מאגדת לייט פרי  420</ItemName><ManufacturerName>שטראוס לייט</ManufacturerName><ManufactureCountry>ישראל</ManufactureCountry><ManufacturerItemDescription>מאגדת לייט פרי</ManufacturerItemDescription><SoldByWeight/><Quantity>300.00</Quantity><UnitOfMeasure>גרם     </UnitOfMeasure><QtyInPackage>לא ידוע</QtyInPackage><UnitOfMeasurePrice>0.0950</UnitOfMeasurePrice><AllowDiscount>1</AllowDiscount><ItemStatus>1</ItemStatus><ItemPrice>28.50</ItemPrice></item><item><PriceUpdateDate>2016-05-01 10:26:45</PriceUpdateDate><ItemCode>7290006681904</ItemCode><ItemType>1</ItemType><ItemName>מב מאגדת מצופים וניל</ItemName><ManufacturerName>שטראוס גלידה</ManufacturerName><ManufactureCountry>ישראל</ManufactureCountry><ManufacturerItemDescription>מב מאגדת מצופים וניל</ManufacturerItemDescription><SoldByWeight/><Quantity>600.00</Quantity><UnitOfMeasure>גרם     </UnitOfMeasure><QtyInPackage>לא ידוע</QtyInPackage><UnitOfMeasurePrice>0.0332</UnitOfMeasurePrice><AllowDiscount>1</AllowDiscount><ItemStatus>1</ItemStatus><ItemPrice>19.90</ItemPrice></item><item><PriceUpdateDate>2016-03-29 07:28:37</PriceUpdateDate><ItemCode>7290006714947</ItemCode><ItemType>1</ItemType><ItemName>מב גולש עגל מגש קפוא</ItemName><ManufacturerName>מעדני הטלה והעגל</ManufacturerName><ManufactureCountry>ישראל</ManufactureCountry><ManufacturerItemDescription>מב גולש עגל מגש קפוא</ManufacturerItemDescription><SoldByWeight/><Quantity>800.00</Quantity><UnitOfMeasure>גרם     </UnitOfMeasure><QtyInPackage>לא ידוע</QtyInPackage><UnitOfMeasurePrice>0.0449</UnitOfMeasurePrice><AllowDiscount>1</AllowDiscount><ItemStatus>1</ItemStatus><ItemPrice>35.90</ItemPrice></item><item><PriceUpdateDate>2016-03-29 07:28:37</PriceUpdateDate><ItemCode>7290006738103</ItemCode><ItemType>1</ItemType><ItemName>מב פסטרמה בדבש טהור</ItemName><ManufacturerName>זוגלובק</ManufacturerName><ManufactureCountry>ישראל</ManufactureCountry><ManufacturerItemDescription>פסטרמה בדבש טהור דק דק דק</ManufacturerItemDescription><SoldByWeight/><Quantity>150.00</Quantity><UnitOfMeasure>גרם     </UnitOfMeasure><QtyInPackage>לא ידוע</QtyInPackage><UnitOfMeasurePrice>0.0860</UnitOfMeasurePrice><AllowDiscount>1</AllowDiscount><ItemStatus>1</ItemStatus><ItemPrice>12.90</ItemPrice></item><item><PriceUpdateDate>2016-03-29 07:28:37</PriceUpdateDate><ItemCode>7290006738110</ItemCode><ItemType>1</ItemType><ItemName>מב פסטרמה ברביקיו דק</ItemName><ManufacturerName>זוגלובק</ManufacturerName><ManufactureCountry>ישראל</ManufactureCountry><ManufacturerItemDescription>פסטרמה ברביקיו דק דק דק 1</ManufacturerItemDescription><SoldByWeight/><Quantity>150.00</Quantity><UnitOfMeasure>גרם     </UnitOfMeasure><QtyInPackage>לא ידוע</QtyInPackage><UnitOfMeasurePrice>0.0860</UnitOfMeasurePrice><AllowDiscount>1</AllowDiscount><ItemStatus>1</ItemStatus><ItemPrice>12.90</ItemPrice></item><item><PriceUpdateDate>2016-03-29 07:28:37</PriceUpdateDate><ItemCode>7290006738127</ItemCode><ItemType>1</ItemType><ItemName>מב חזה בקר דק דק 150</ItemName><ManufacturerName>זוגלובק</ManufacturerName><ManufactureCountry>ישראל</ManufactureCountry><ManufacturerItemDescription>חזה בקר דק דק דק 150 גרם</ManufacturerItemDescription><SoldByWeight/><Quantity>150.00</Quantity><UnitOfMeasure>גרם     </UnitOfMeasure><QtyInPackage>לא ידוע</QtyInPackage><UnitOfMeasurePrice>0.0860</UnitOfMeasurePrice><AllowDiscount>1</AllowDiscount><ItemStatus>1</ItemStatus><ItemPrice>12.90</ItemPrice></item><item><PriceUpdateDate>2016-03-29 07:28:37</PriceUpdateDate><ItemCode>7290006738530</ItemCode><ItemType>1</ItemType><ItemName>מב פסטרמה חזה עוף דק</ItemName><ManufacturerName>זוגלובק</ManufacturerName><ManufactureCountry>ישראל</ManufactureCountry><ManufacturerItemDescription>פסטרמה חזה עוף 150 גר דק</ManufacturerItemDescription><SoldByWeight/><Quantity>150.00</Quantity><UnitOfMeasure>גרם     </UnitOfMeasure><QtyInPackage>לא ידוע</QtyInPackage><UnitOfMeasurePrice>0.0860</UnitOfMeasurePrice><AllowDiscount>1</AllowDiscount><ItemStatus>1</ItemStatus><ItemPrice>12.90</ItemPrice></item><item><PriceUpdateDate>2016-05-01 10:26:46</PriceUpdateDate><ItemCode>7290006738615</ItemCode><ItemType>1</ItemType><ItemName>קבב פרימיום זוגלובק</ItemName><ManufacturerName>זוגלובק</ManufacturerName><ManufactureCountry>ישראל</ManufactureCountry><ManufacturerItemDescription>קבב זהב 100% בשר זוגלובק</ManufacturerItemDescription><SoldByWeight/><Quantity>400.00</Quantity><UnitOfMeasure>גרם     </UnitOfMeasure><QtyInPackage>לא ידוע</QtyInPackage><UnitOfMeasurePrice>0.0497</UnitOfMeasurePrice><AllowDiscount>1</AllowDiscount><ItemStatus>1</ItemStatus><ItemPrice>19.90</ItemPrice></item><item><PriceUpdateDate>2016-03-29 07:10:59</PriceUpdateDate><ItemCode>7290006739292</ItemCode><ItemType>1</ItemType><ItemName>מב נקניק פסטרמה תבור</ItemName><ManufacturerName>זוגלובק</ManufacturerName><ManufactureCountry>ישראל</ManufactureCountry><ManufacturerItemDescription>פסטרמה חזה תבור מעושן פרו</ManufacturerItemDescription><SoldByWeight/><Quantity>330.00</Quantity><UnitOfMeasure>גרם     </UnitOfMeasure><QtyInPackage>לא ידוע</QtyInPackage><UnitOfMeasurePrice>0.0815</UnitOfMeasurePrice><AllowDiscount>1</AllowDiscount><ItemStatus>1</ItemStatus><ItemPrice>26.90</ItemPrice></item><item><PriceUpdateDate>2016-03-29 07:10:59</PriceUpdateDate><ItemCode>7290006739414</ItemCode><ItemType>1</ItemType><ItemName>מב נקניק קוניאק 300</ItemName><ManufacturerName>זוגלובק</ManufacturerName><ManufactureCountry>ישראל</ManufactureCountry><ManufacturerItemDescription>סלמי קוניאק 300 גרם</ManufacturerItemDescription><SoldByWeight/><Quantity>300.00</Quantity><UnitOfMeasure>גרם     </UnitOfMeasure><QtyInPackage>לא ידוע</QtyInPackage><UnitOfMeasurePrice>0.0897</UnitOfMeasurePrice><AllowDiscount>1</AllowDiscount><ItemStatus>1</ItemStatus><ItemPrice>26.90</ItemPrice></item><item><PriceUpdateDate>2016-03-29 07:10:59</PriceUpdateDate><ItemCode>7290006742278</ItemCode><ItemType>1</ItemType><ItemName>מב פסטרמה צלויה על ל</ItemName><ManufacturerName>זוגלובק</ManufacturerName><ManufactureCountry>ישראל</ManufactureCountry><ManufacturerItemDescription>פסטרממיה צלויה על לבנים</ManufacturerItemDescription><SoldByWeight/><Quantity>330.00</Quantity><UnitOfMeasure>גרם     </UnitOfMeasure><QtyInPackage>לא ידוע</QtyInPackage><UnitOfMeasurePrice>0.0815</UnitOfMeasurePrice><AllowDiscount>1</AllowDiscount><ItemStatus>1</ItemStatus><ItemPrice>26.90</ItemPrice></item><item><PriceUpdateDate>2016-03-29 07:10:59</PriceUpdateDate><ItemCode>7290006742292</ItemCode><ItemType>1</ItemType><ItemName>מב פסטרמה זגלובק בדב</ItemName><ManufacturerName>זוגלובק</ManufacturerName><ManufactureCountry>ישראל</ManufactureCountry><ManufacturerItemDescription>פסטרממיה בדבש 330 גרם</ManufacturerItemDescription><SoldByWeight/><Quantity>330.00</Quantity><UnitOfMeasure>גרם     </UnitOfMeasure><QtyInPackage>לא ידוע</QtyInPackage><UnitOfMeasurePrice>0.0815</UnitOfMeasurePrice><AllowDiscount>1</AllowDiscount><ItemStatus>1</ItemStatus><ItemPrice>26.90</ItemPrice></item><item><PriceUpdateDate>2016-03-29 07:10:59</PriceUpdateDate><ItemCode>7290006742308</ItemCode><ItemType>1</ItemType><ItemName>מב פסטרמה חזה עוף בר</ItemName><ManufacturerName>זוגלובק</ManufacturerName><ManufactureCountry>ישראל</ManufactureCountry><ManufacturerItemDescription>מב פסטרמה חזה עוף בר</ManufacturerItemDescription><SoldByWeight/><Quantity>300.00</Quantity><UnitOfMeasure>גרם     </UnitOfMeasure><QtyInPackage>לא ידוע</QtyInPackage><UnitOfMeasurePrice>0.0897</UnitOfMeasurePrice><AllowDiscount>1</AllowDiscount><ItemStatus>1</ItemStatus><ItemPrice>26.90</ItemPrice></item><item><PriceUpdateDate>2016-03-29 07:11:00</PriceUpdateDate><ItemCode>7290006742315</ItemCode><ItemType>1</ItemType><ItemName>מב פסטרמה ברביקיו 33</ItemName><ManufacturerName>זוגלובק</ManufacturerName><ManufactureCountry>ישראל</ManufactureCountry><ManufacturerItemDescription>מב פסטרמה ברביקיו 33</ManufacturerItemDescription><SoldByWeight/><Quantity>330.00</Quantity><UnitOfMeasure>גרם     </UnitOfMeasure><QtyInPackage>לא ידוע</QtyInPackage><UnitOfMeasurePrice>0.0815</UnitOfMeasurePrice><AllowDiscount>1</AllowDiscount><ItemStatus>1</ItemStatus><ItemPrice>26.90</ItemPrice></item><item><PriceUpdateDate>2014-12-01 06:28:47</PriceUpdateDate><ItemCode>7290006751720</ItemCode><ItemType>3</ItemType><ItemName>עוף טחון טרי במשקל</ItemName><ManufacturerName>לא ממותג</ManufacturerName><ManufactureCountry>ישראל</ManufactureCountry><ManufacturerItemDescription>עוף טחון טרי במשקל</ManufacturerItemDescription><SoldByWeight/><Quantity>1.00</Quantity><UnitOfMeasure>ק"ג</UnitOfMeasure><QtyInPackage>לא ידוע</QtyInPackage><UnitOfMeasurePrice>32.9000</UnitOfMeasurePrice><AllowDiscount>1</AllowDiscount><ItemStatus>1</ItemStatus><ItemPrice>32.90</ItemPrice></item><item><PriceUpdateDate>2016-03-01 07:13:30</PriceUpdateDate><ItemCode>7290006764348</ItemCode><ItemType>1</ItemType><ItemName>מאלטסטאר 1.5 ליטר רג</ItemName><ManufacturerName>מאלטסטאר</ManufacturerName><ManufactureCountry>ישראל</ManufactureCountry><ManufacturerItemDescription>מאלטסטאר 1.5 ליטר רג</ManufacturerItemDescription><SoldByWeight/><Quantity>1500.00</Quantity><UnitOfMeasure>מ"ל</UnitOfMeasure><QtyInPackage>לא ידוע</QtyInPackage><UnitOfMeasurePrice>0.0059</UnitOfMeasurePrice><AllowDiscount>1</AllowDiscount><ItemStatus>1</ItemStatus><ItemPrice>8.90</ItemPrice></item><item><PriceUpdateDate>2016-05-01 10:26:50</PriceUpdateDate><ItemCode>7290006788009</ItemCode><ItemType>1</ItemType><ItemName>מב שמפו 10 לשיער רגי</ItemName><ManufacturerName>קרליין</ManufacturerName><ManufactureCountry>ישראל</ManufactureCountry><ManufacturerItemDescription>מב שמפו 10 לשיער רגי</ManufacturerItemDescription><SoldByWeight/><Quantity>700.00</Quantity><UnitOfMeasure>מ"ל</UnitOfMeasure><QtyInPackage>לא ידוע</QtyInPackage><UnitOfMeasurePrice>0.0170</UnitOfMeasurePrice><AllowDiscount>1</AllowDiscount><ItemStatus>1</ItemStatus><ItemPrice>11.90</ItemPrice></item><item><PriceUpdateDate>2016-05-01 10:26:50</PriceUpdateDate><ItemCode>7290006788016</ItemCode><ItemType>1</ItemType><ItemName>מב שמפו 10 לשיער יבש</ItemName><ManufacturerName>קרליין</ManufacturerName><ManufactureCountry>ישראל</ManufactureCountry><ManufacturerItemDescription>מב שמפו 10 לשיער יבש</ManufacturerItemDescription><SoldByWeight/><Quantity>700.00</Quantity><UnitOfMeasure>מ"ל</UnitOfMeasure><QtyInPackage>לא ידוע</QtyInPackage><UnitOfMeasurePrice>0.0170</UnitOfMeasurePrice><AllowDiscount>1</AllowDiscount><ItemStatus>1</ItemStatus><ItemPrice>11.90</ItemPrice></item><item><PriceUpdateDate>2016-05-01 10:26:51</PriceUpdateDate><ItemCode>7290006788078</ItemCode><ItemType>1</ItemType><ItemName>מב מרכך 10 לשיער רגי</ItemName><ManufacturerName>קרליין</ManufacturerName><ManufactureCountry>ישראל</ManufactureCountry><ManufacturerItemDescription>מב מרכך 10 לשיער רגי</ManufacturerItemDescription><SoldByWeight/><Quantity>700.00</Quantity><UnitOfMeasure>מ"ל</UnitOfMeasure><QtyInPackage>לא ידוע</QtyInPackage><UnitOfMeasurePrice>0.0170</UnitOfMeasurePrice><AllowDiscount>1</AllowDiscount><ItemStatus>1</ItemStatus><ItemPrice>11.90</ItemPrice></item><item><PriceUpdateDate>2016-03-01 06:44:43</PriceUpdateDate><ItemCode>7290006788405</ItemCode><ItemType>1</ItemType><ItemName>מב דאו' רול און קרלי</ItemName><ManufacturerName>קרליין</ManufacturerName><ManufactureCountry>ישראל</ManufactureCountry><ManufacturerItemDescription>מב דאו' רול און קרלי</ManufacturerItemDescription><SoldByWeight/><Quantity>75.00</Quantity><UnitOfMeasure>מ"ל</UnitOfMeasure><QtyInPackage>לא ידוע</QtyInPackage><UnitOfMeasurePrice>0.1987</UnitOfMeasurePrice><AllowDiscount>1</AllowDiscount><ItemStatus>1</ItemStatus><ItemPrice>14.90</ItemPrice></item><item><PriceUpdateDate>2016-03-04 08:49:17</PriceUpdateDate><ItemCode>7290006855183</ItemCode><ItemType>1</ItemType><ItemName>חטיף ברבריא תמרים אג</ItemName><ManufacturerName>לא ממותג</ManufacturerName><ManufactureCountry>ישראל</ManufactureCountry><ManufacturerItemDescription>מאגדת ברבריא תמרים ואגוזי</ManufacturerItemDescription><SoldByWeight/><Quantity>108.00</Quantity><UnitOfMeasure>גרם     </UnitOfMeasure><QtyInPackage>לא ידוע</QtyInPackage><UnitOfMeasurePrice>0.1843</UnitOfMeasurePrice><AllowDiscount>1</AllowDiscount><ItemStatus>1</ItemStatus><ItemPrice>19.90</ItemPrice></item><item><PriceUpdateDate>2015-11-13 10:56:50</PriceUpdateDate><ItemCode>7290006869128</ItemCode><ItemType>1</ItemType><ItemName>לרוויה 1.5% 1 ליטר</ItemName><ManufacturerName>לרוויה</ManufacturerName><ManufactureCountry>ישראל</ManufactureCountry><ManufacturerItemDescription>לרוויה 1.5% 1 ליטר</ManufacturerItemDescription><SoldByWeight/><Quantity>1000.00</Quantity><UnitOfMeasure>מ"ל</UnitOfMeasure><QtyInPackage>לא ידוע</QtyInPackage><UnitOfMeasurePrice>0.0115</UnitOfMeasurePrice><AllowDiscount>1</AllowDiscount><ItemStatus>1</ItemStatus><ItemPrice>11.50</ItemPrice></item><item><PriceUpdateDate>2016-02-11 11:10:55</PriceUpdateDate><ItemCode>7290006869449</ItemCode><ItemType>1</ItemType><ItemName>לבן 3% 150 מ"ל</ItemName><ManufacturerName>טרה</ManufacturerName><ManufactureCountry>ישראל</ManufactureCountry><ManufacturerItemDescription>לבן 3% 150 מ"ל</ManufacturerItemDescription><SoldByWeight/><Quantity>150.00</Quantity><UnitOfMeasure>מ"ל</UnitOfMeasure><QtyInPackage>לא ידוע</QtyInPackage><UnitOfMeasurePrice>0.0070</UnitOfMeasurePrice><AllowDiscount>1</AllowDiscount><ItemStatus>1</ItemStatus><ItemPrice>1.05</ItemPrice></item><item><PriceUpdateDate>2016-03-15 07:23:25</PriceUpdateDate><ItemCode>7290006941251</ItemCode><ItemType>1</ItemType><ItemName>קעריות אובליות 25 יח</ItemName><ManufacturerName>"המותג"</ManufacturerName><ManufactureCountry>ישראל</ManufactureCountry><ManufacturerItemDescription>קעריות אובליות 25 יח</ManufacturerItemDescription><SoldByWeight/><Quantity>25.00</Quantity><UnitOfMeasure>יח</UnitOfMeasure><QtyInPackage>לא ידוע</QtyInPackage><UnitOfMeasurePrice>0.1560</UnitOfMeasurePrice><AllowDiscount>1</AllowDiscount><ItemStatus>1</ItemStatus><ItemPrice>3.90</ItemPrice></item><item><PriceUpdateDate>2016-03-15 08:54:53</PriceUpdateDate><ItemCode>7290006941299</ItemCode><ItemType>1</ItemType><ItemName>כפות 100 יח' המותג</ItemName><ManufacturerName>"המותג"</ManufacturerName><ManufactureCountry>ישראל</ManufactureCountry><ManufacturerItemDescription>כפות 100 יח' המותג</ManufacturerItemDescription><SoldByWeight/><Quantity>100.00</Quantity><UnitOfMeasure>יח</UnitOfMeasure><QtyInPackage>לא ידוע</QtyInPackage><UnitOfMeasurePrice>0.0590</UnitOfMeasurePrice><AllowDiscount>1</AllowDiscount><ItemStatus>1</ItemStatus><ItemPrice>5.90</ItemPrice></item><item><PriceUpdateDate>2016-03-15 07:23:25</PriceUpdateDate><ItemCode>7290006941312</ItemCode><ItemType>1</ItemType><ItemName>מזלגות 100 יח' המותג</ItemName><ManufacturerName>"המותג"</ManufacturerName><ManufactureCountry>ישראל</ManufactureCountry><ManufacturerItemDescription>מזלגות 100 יח' המותג</ManufacturerItemDescription><SoldByWeight/><Quantity>100.00</Quantity><UnitOfMeasure>יח</UnitOfMeasure><QtyInPackage>לא ידוע</QtyInPackage><UnitOfMeasurePrice>0.0590</UnitOfMeasurePrice><AllowDiscount>1</AllowDiscount><ItemStatus>1</ItemStatus><ItemPrice>5.90</ItemPrice></item><item><PriceUpdateDate>2015-11-02 17:20:25</PriceUpdateDate><ItemCode>7290006984647</ItemCode><ItemType>1</ItemType><ItemName>חטיפי פריכונים בטעם</ItemName><ManufacturerName>פריכונים</ManufacturerName><ManufactureCountry>ישראל</ManufactureCountry><ManufacturerItemDescription>חטיפי פריכונים בטעם</ManufacturerItemDescription><SoldByWeight/><Quantity>14.00</Quantity><UnitOfMeasure>גרם     </UnitOfMeasure><QtyInPackage>לא ידוע</QtyInPackage><UnitOfMeasurePrice>0.6643</UnitOfMeasurePrice><AllowDiscount>1</AllowDiscount><ItemStatus>1</ItemStatus><ItemPrice>9.30</ItemPrice></item><item><PriceUpdateDate>2016-03-29 07:11:00</PriceUpdateDate><ItemCode>7290008021043</ItemCode><ItemType>1</ItemType><ItemName>שמפו פינוק לשיער רגי</ItemName><ManufacturerName>פינוק</ManufacturerName><ManufactureCountry>ישראל</ManufactureCountry><ManufacturerItemDescription>שמפו פינוק לשיער רגי</ManufacturerItemDescription><SoldByWeight/><Quantity>700.00</Quantity><UnitOfMeasure>מ"ל</UnitOfMeasure><QtyInPackage>לא ידוע</QtyInPackage><UnitOfMeasurePrice>0.0184</UnitOfMeasurePrice><AllowDiscount>1</AllowDiscount><ItemStatus>1</ItemStatus><ItemPrice>12.90</ItemPrice></item><item><PriceUpdateDate>2016-03-29 07:11:00</PriceUpdateDate><ItemCode>7290008021142</ItemCode><ItemType>1</ItemType><ItemName>שמפו פינוק לשיער יבש</ItemName><ManufacturerName>פינוק</ManufacturerName><ManufactureCountry>ישראל</ManufactureCountry><ManufacturerItemDescription>שמפו פינוק לשיער יבש</ManufacturerItemDescription><SoldByWeight/><Quantity>700.00</Quantity><UnitOfMeasure>מ"ל</UnitOfMeasure><QtyInPackage>לא ידוע</QtyInPackage><UnitOfMeasurePrice>0.0184</UnitOfMeasurePrice><AllowDiscount>1</AllowDiscount><ItemStatus>1</ItemStatus><ItemPrice>12.90</ItemPrice></item><item><PriceUpdateDate>2015-11-15 20:35:24</PriceUpdateDate><ItemCode>7290008096317</ItemCode><ItemType>1</ItemType><ItemName>משחת שיניים פרודונטק</ItemName><ManufacturerName>פרודונטקס</ManufacturerName><ManufactureCountry>ישראל</ManufactureCountry><ManufacturerItemDescription>משחת שיניים פרודונטק</ManufacturerItemDescription><SoldByWeight/><Quantity>75.00</Quantity><UnitOfMeasure>מ"ל</UnitOfMeasure><QtyInPackage>לא ידוע</QtyInPackage><UnitOfMeasurePrice>0.3440</UnitOfMeasurePrice><AllowDiscount>1</AllowDiscount><ItemStatus>1</ItemStatus><ItemPrice>25.80</ItemPrice></item><item><PriceUpdateDate>2016-02-02 05:51:11</PriceUpdateDate><ItemCode>7290008175487</ItemCode><ItemType>1</ItemType><ItemName>ממרח חמאה לורפק ללא</ItemName><ManufacturerName>לורפק</ManufacturerName><ManufactureCountry>ישראל</ManufactureCountry><ManufacturerItemDescription>ממרח חמאה לורפק ללא</ManufacturerItemDescription><SoldByWeight/><Quantity>250.00</Quantity><UnitOfMeasure>גרם     </UnitOfMeasure><QtyInPackage>לא ידוע</QtyInPackage><UnitOfMeasurePrice>0.0636</UnitOfMeasurePrice><AllowDiscount>1</AllowDiscount><ItemStatus>1</ItemStatus><ItemPrice>15.90</ItemPrice></item><item><PriceUpdateDate>2016-03-16 14:00:30</PriceUpdateDate><ItemCode>7290008175814</ItemCode><ItemType>1</ItemType><ItemName>פטריות חתוכות 400 גר</ItemName><ManufacturerName>לא ממותג</ManufacturerName><ManufactureCountry>ישראל</ManufactureCountry><ManufacturerItemDescription>פטריות חתוכות 8 אונז 400</ManufacturerItemDescription><SoldByWeight/><Quantity>330.00</Quantity><UnitOfMeasure>גרם     </UnitOfMeasure><QtyInPackage>לא ידוע</QtyInPackage><UnitOfMeasurePrice>0.0148</UnitOfMeasurePrice><AllowDiscount>1</AllowDiscount><ItemStatus>1</ItemStatus><ItemPrice>4.90</ItemPrice></item><item><PriceUpdateDate>2016-03-01 06:44:45</PriceUpdateDate><ItemCode>7290008213493</ItemCode><ItemType>1</ItemType><ItemName>משחת שיניים קולגייט</ItemName><ManufacturerName>קולגייט</ManufacturerName><ManufactureCountry>פולין</ManufactureCountry><ManufacturerItemDescription>קולגייט טוטל פלוס הלבנה10</ManufacturerItemDescription><SoldByWeight/><Quantity>100.00</Quantity><UnitOfMeasure>מ"ל</UnitOfMeasure><QtyInPackage>לא ידוע</QtyInPackage><UnitOfMeasurePrice>0.2190</UnitOfMeasurePrice><AllowDiscount>1</AllowDiscount><ItemStatus>1</ItemStatus><ItemPrice>21.90</ItemPrice></item><item><PriceUpdateDate>2015-11-03 06:59:23</PriceUpdateDate><ItemCode>7290008335553</ItemCode><ItemType>1</ItemType><ItemName>מב קובה מטוגן 600 גר</ItemName><ManufacturerName>שלושת האופים</ManufacturerName><ManufactureCountry>ישראל</ManufactureCountry><ManufacturerItemDescription>קובה במילוי בשר וצנובר 60</ManufacturerItemDescription><SoldByWeight/><Quantity>600.00</Quantity><UnitOfMeasure>גרם     </UnitOfMeasure><QtyInPackage>לא ידוע</QtyInPackage><UnitOfMeasurePrice>0.0182</UnitOfMeasurePrice><AllowDiscount>1</AllowDiscount><ItemStatus>1</ItemStatus><ItemPrice>10.90</ItemPrice></item><item><PriceUpdateDate>2016-03-29 07:28:39</PriceUpdateDate><ItemCode>7290008345576</ItemCode><ItemType>1</ItemType><ItemName>מב איקרה ביתית לבנה</ItemName><ManufacturerName>דלידג</ManufacturerName><ManufactureCountry>ישראל</ManufactureCountry><ManufacturerItemDescription>סלט איקרה לבנה 300 גר</ManufacturerItemDescription><SoldByWeight/><Quantity>300.00</Quantity><UnitOfMeasure>גרם     </UnitOfMeasure><QtyInPackage>לא ידוע</QtyInPackage><UnitOfMeasurePrice>0.0430</UnitOfMeasurePrice><AllowDiscount>1</AllowDiscount><ItemStatus>1</ItemStatus><ItemPrice>12.90</ItemPrice></item><item><PriceUpdateDate>2014-12-01 06:28:23</PriceUpdateDate><ItemCode>7290008347877</ItemCode><ItemType>1</ItemType><ItemName>ג'לטין בקר 28גרם</ItemName><ManufacturerName>ויליגר</ManufacturerName><ManufactureCountry>איטליה</ManufactureCountry><ManufacturerItemDescription>טבליות סטיביה   1 יחידות</ManufacturerItemDescription><SoldByWeight/><Quantity>14.00</Quantity><UnitOfMeasure>גרם     </UnitOfMeasure><QtyInPackage>לא ידוע</QtyInPackage><UnitOfMeasurePrice>0.6071</UnitOfMeasurePrice><AllowDiscount>1</AllowDiscount><ItemStatus>1</ItemStatus><ItemPrice>8.50</ItemPrice></item><item><PriceUpdateDate>2016-01-05 08:33:40</PriceUpdateDate><ItemCode>7290008415514</ItemCode><ItemType>1</ItemType><ItemName>חומוס עם חריף 150 גר</ItemName><ManufacturerName>צבר</ManufacturerName><ManufactureCountry>ישראל</ManufactureCountry><ManufacturerItemDescription>סלט חומוס וחריף 150 גרם</ManufacturerItemDescription><SoldByWeight/><Quantity>150.00</Quantity><UnitOfMeasure>גרם     </UnitOfMeasure><QtyInPackage>לא ידוע</QtyInPackage><UnitOfMeasurePrice>0.0367</UnitOfMeasurePrice><AllowDiscount>1</AllowDiscount><ItemStatus>1</ItemStatus><ItemPrice>5.50</ItemPrice></item><item><PriceUpdateDate>2016-05-04 07:47:52</PriceUpdateDate><ItemCode>7290008415576</ItemCode><ItemType>1</ItemType><ItemName>מב סלט חומוס 850 גרם</ItemName><ManufacturerName>צבר</ManufacturerName><ManufactureCountry>ישראל</ManufactureCountry><ManufacturerItemDescription>מב סלט חומוס 850 גרם</ManufacturerItemDescription><SoldByWeight/><Quantity>850.00</Quantity><UnitOfMeasure>גרם     </UnitOfMeasure><QtyInPackage>לא ידוע</QtyInPackage><UnitOfMeasurePrice>0.0152</UnitOfMeasurePrice><AllowDiscount>1</AllowDiscount><ItemStatus>1</ItemStatus><ItemPrice>12.90</ItemPrice></item><item><PriceUpdateDate>2016-05-01 10:27:12</PriceUpdateDate><ItemCode>7290008443647</ItemCode><ItemType>1</ItemType><ItemName>מב מרכך נקה-7 לשיער</ItemName><ManufacturerName>נקה 7</ManufacturerName><ManufactureCountry>ישראל</ManufactureCountry><ManufacturerItemDescription>מב מרכך נקה-7 לשיער</ManufacturerItemDescription><SoldByWeight/><Quantity>750.00</Quantity><UnitOfMeasure>מ"ל</UnitOfMeasure><QtyInPackage>לא ידוע</QtyInPackage><UnitOfMeasurePrice>0.0145</UnitOfMeasurePrice><AllowDiscount>0</AllowDiscount><ItemStatus>1</ItemStatus><ItemPrice>10.90</ItemPrice></item><item><PriceUpdateDate>2016-02-08 10:36:26</PriceUpdateDate><ItemCode>7290008464024</ItemCode><ItemType>1</ItemType><ItemName>בירה גולדסטאר 500 מ'</ItemName><ManufacturerName>גולדסטאר</ManufacturerName><ManufactureCountry>ישראל</ManufactureCountry><ManufacturerItemDescription>בירה גולדסטאר לא מסונן פח</ManufacturerItemDescription><SoldByWeight/><Quantity>500.00</Quantity><UnitOfMeasure>מ"ל</UnitOfMeasure><QtyInPackage>לא ידוע</QtyInPackage><UnitOfMeasurePrice>0.0220</UnitOfMeasurePrice><AllowDiscount>1</AllowDiscount><ItemStatus>1</ItemStatus><ItemPrice>11.00</ItemPrice></item><item><PriceUpdateDate>2016-02-02 05:51:13</PriceUpdateDate><ItemCode>7290008464222</ItemCode><ItemType>1</ItemType><ItemName>מכבי  פחית  7.9  500</ItemName><ManufacturerName>לא ממותג</ManufacturerName><ManufactureCountry>לא ידוע</ManufactureCountry><ManufacturerItemDescription>מכבי  פחית  7.9  500</ManufacturerItemDescription><SoldByWeight/><Quantity>500.00</Quantity><UnitOfMeasure>מ"ל</UnitOfMeasure><QtyInPackage>לא ידוע</QtyInPackage><UnitOfMeasurePrice>0.0210</UnitOfMeasurePrice><AllowDiscount>1</AllowDiscount><ItemStatus>1</ItemStatus><ItemPrice>10.50</ItemPrice></item><item><PriceUpdateDate>2016-04-03 09:01:58</PriceUpdateDate><ItemCode>7290008644235</ItemCode><ItemType>1</ItemType><ItemName>עלי בייבי ירקות שטרא</ItemName><ManufacturerName>שטראוס</ManufacturerName><ManufactureCountry>ישראל</ManufactureCountry><ManufacturerItemDescription>מבחר עלי בייבי</ManufacturerItemDescription><SoldByWeight/><Quantity>120.00</Quantity><UnitOfMeasure>יח'</UnitOfMeasure><QtyInPackage>לא ידוע</QtyInPackage><UnitOfMeasurePrice>0.0908</UnitOfMeasurePrice><AllowDiscount>1</AllowDiscount><ItemStatus>1</ItemStatus><ItemPrice>10.90</ItemPrice></item><item><PriceUpdateDate>2016-04-03 09:01:58</PriceUpdateDate><ItemCode>7290008644839</ItemCode><ItemType>1</ItemType><ItemName>חסה ערבית אייסברג יר</ItemName><ManufacturerName>שטראוס</ManufacturerName><ManufactureCountry>ישראל</ManufactureCountry><ManufacturerItemDescription>סלט חסה</ManufacturerItemDescription><SoldByWeight/><Quantity>300.00</Quantity><UnitOfMeasure>גרם     </UnitOfMeasure><QtyInPackage>לא ידוע</QtyInPackage><UnitOfMeasurePrice>0.0463</UnitOfMeasurePrice><AllowDiscount>1</AllowDiscount><ItemStatus>1</ItemStatus><ItemPrice>13.90</ItemPrice></item><item><PriceUpdateDate>2016-04-03 09:01:58</PriceUpdateDate><ItemCode>7290008644945</ItemCode><ItemType>1</ItemType><ItemName>סלט המושבה 450 גרם</ItemName><ManufacturerName>שטראוס</ManufacturerName><ManufactureCountry>ישראל</ManufactureCountry><ManufacturerItemDescription>סלט המושבה</ManufacturerItemDescription><SoldByWeight/><Quantity>450.00</Quantity><UnitOfMeasure>גרם     </UnitOfMeasure><QtyInPackage>לא ידוע</QtyInPackage><UnitOfMeasurePrice>0.0331</UnitOfMeasurePrice><AllowDiscount>1</AllowDiscount><ItemStatus>1</ItemStatus><ItemPrice>14.90</ItemPrice></item><item><PriceUpdateDate>2016-05-01 10:27:17</PriceUpdateDate><ItemCode>7290008645935</ItemCode><ItemType>1</ItemType><ItemName>סלט חומוס אחלה 750 ג</ItemName><ManufacturerName>אחלה</ManufacturerName><ManufactureCountry>ישראל</ManufactureCountry><ManufacturerItemDescription>סלט חומוס אחלה 750 ג</ManufacturerItemDescription><SoldByWeight/><Quantity>750.00</Quantity><UnitOfMeasure>גרם     </UnitOfMeasure><QtyInPackage>לא ידוע</QtyInPackage><UnitOfMeasurePrice>0.0132</UnitOfMeasurePrice><AllowDiscount>1</AllowDiscount><ItemStatus>1</ItemStatus><ItemPrice>9.90</ItemPrice></item><item><PriceUpdateDate>2015-11-15 20:35:25</PriceUpdateDate><ItemCode>7290008679428</ItemCode><ItemType>1</ItemType><ItemName>כפפות הנדי בינוני</ItemName><ManufacturerName>הנדי</ManufacturerName><ManufactureCountry>ישראל</ManufactureCountry><ManufacturerItemDescription>כפפות הנדי בינוני</ManufacturerItemDescription><SoldByWeight/><Quantity>0.00</Quantity><UnitOfMeasure>יח'</UnitOfMeasure><QtyInPackage>לא ידוע</QtyInPackage><UnitOfMeasurePrice>0.0000</UnitOfMeasurePrice><AllowDiscount>1</AllowDiscount><ItemStatus>1</ItemStatus><ItemPrice>8.00</ItemPrice></item><item><PriceUpdateDate>2016-03-16 13:06:21</PriceUpdateDate><ItemCode>7290008690164</ItemCode><ItemType>1</ItemType><ItemName>קוקה קולה לימון דיאט</ItemName><ManufacturerName>דיאט קולה לימון</ManufacturerName><ManufactureCountry>ישראל</ManufactureCountry><ManufacturerItemDescription>קוקה קולה דיאט לימון 1.5</ManufacturerItemDescription><SoldByWeight/><Quantity>1500.00</Quantity><UnitOfMeasure>מ"ל</UnitOfMeasure><QtyInPackage>לא ידוע</QtyInPackage><UnitOfMeasurePrice>0.0046</UnitOfMeasurePrice><AllowDiscount>1</AllowDiscount><ItemStatus>1</ItemStatus><ItemPrice>6.90</ItemPrice></item><item><PriceUpdateDate>2015-10-13 11:27:36</PriceUpdateDate><ItemCode>7290008693134</ItemCode><ItemType>1</ItemType><ItemName>דניאלה תות 150 מ"ל</ItemName><ManufacturerName>דניאלה</ManufacturerName><ManufactureCountry>ישראל</ManufactureCountry><ManufacturerItemDescription>דניאלה מעדן גבינה תות 150</ManufacturerItemDescription><SoldByWeight/><Quantity>150.00</Quantity><UnitOfMeasure>מ"ל</UnitOfMeasure><QtyInPackage>לא ידוע</QtyInPackage><UnitOfMeasurePrice>0.0280</UnitOfMeasurePrice><AllowDiscount>1</AllowDiscount><ItemStatus>1</ItemStatus><ItemPrice>4.20</ItemPrice></item><item><PriceUpdateDate>2015-09-30 23:47:48</PriceUpdateDate><ItemCode>7290008745239</ItemCode><ItemType>1</ItemType><ItemName>חטיף תפוציפס קראנצ'</ItemName><ManufacturerName>תפוציפס</ManufacturerName><ManufactureCountry>ישראל</ManufactureCountry><ManufacturerItemDescription>תפוציפס קראנץ בטעם טבעי 5</ManufacturerItemDescription><SoldByWeight/><Quantity>14.00</Quantity><UnitOfMeasure>גרם     </UnitOfMeasure><QtyInPackage>לא ידוע</QtyInPackage><UnitOfMeasurePrice>0.2786</UnitOfMeasurePrice><AllowDiscount>1</AllowDiscount><ItemStatus>1</ItemStatus><ItemPrice>3.90</ItemPrice></item><item><PriceUpdateDate>2016-02-17 06:20:59</PriceUpdateDate><ItemCode>7290008747424</ItemCode><ItemType>1</ItemType><ItemName>שוקולד פרה במילוי תו</ItemName><ManufacturerName>פרה</ManufacturerName><ManufactureCountry>ישראל</ManufactureCountry><ManufacturerItemDescription>שוקולד פרה במילוי תות 100</ManufacturerItemDescription><SoldByWeight/><Quantity>100.00</Quantity><UnitOfMeasure>גרם     </UnitOfMeasure><QtyInPackage>לא ידוע</QtyInPackage><UnitOfMeasurePrice>0.0690</UnitOfMeasurePrice><AllowDiscount>0</AllowDiscount><ItemStatus>1</ItemStatus><ItemPrice>6.90</ItemPrice></item><item><PriceUpdateDate>2015-10-15 12:36:55</PriceUpdateDate><ItemCode>7290008747431</ItemCode><ItemType>1</ItemType><ItemName>חטיף שוקולד פרה במיל</ItemName><ManufacturerName>פרה</ManufacturerName><ManufactureCountry>ישראל</ManufactureCountry><ManufacturerItemDescription>שוקולד פרה במלוי תות</ManufacturerItemDescription><SoldByWeight/><Quantity>50.00</Quantity><UnitOfMeasure>גרם     </UnitOfMeasure><QtyInPackage>לא ידוע</QtyInPackage><UnitOfMeasurePrice>0.1000</UnitOfMeasurePrice><AllowDiscount>1</AllowDiscount><ItemStatus>1</ItemStatus><ItemPrice>5.00</ItemPrice></item><item><PriceUpdateDate>2016-05-01 12:07:43</PriceUpdateDate><ItemCode>7290008748384</ItemCode><ItemType>1</ItemType><ItemName>שוקולד ספלנדיד מריר</ItemName><ManufacturerName>ספלנדיד</ManufacturerName><ManufactureCountry>ישראל</ManufactureCountry><ManufacturerItemDescription>שוקולד ספלנדיד מריר 100 ג</ManufacturerItemDescription><SoldByWeight/><Quantity>100.00</Quantity><UnitOfMeasure>גרם     </UnitOfMeasure><QtyInPackage>לא ידוע</QtyInPackage><UnitOfMeasurePrice>0.1190</UnitOfMeasurePrice><AllowDiscount>1</AllowDiscount><ItemStatus>1</ItemStatus><ItemPrice>11.90</ItemPrice></item><item><PriceUpdateDate>2015-09-30 23:47:48</PriceUpdateDate><ItemCode>7290008753111</ItemCode><ItemType>1</ItemType><ItemName>חטיף תפוציפס קראנצ'</ItemName><ManufacturerName>תפוציפס</ManufacturerName><ManufactureCountry>ישראל</ManufactureCountry><ManufacturerItemDescription>תפוציפס קראנץ מקסיקני 50</ManufacturerItemDescription><SoldByWeight/><Quantity>14.00</Quantity><UnitOfMeasure>גרם     </UnitOfMeasure><QtyInPackage>לא ידוע</QtyInPackage><UnitOfMeasurePrice>0.2786</UnitOfMeasurePrice><AllowDiscount>1</AllowDiscount><ItemStatus>1</ItemStatus><ItemPrice>3.90</ItemPrice></item><item><PriceUpdateDate>2015-10-11 14:22:48</PriceUpdateDate><ItemCode>7290008753364</ItemCode><ItemType>1</ItemType><ItemName>חטיף דוריטוס גריל 55</ItemName><ManufacturerName>דוריטוס</ManufacturerName><ManufactureCountry>ישראל</ManufactureCountry><ManufacturerItemDescription>דוריטוס גריל 55 גרם</ManufacturerItemDescription><SoldByWeight/><Quantity>14.00</Quantity><UnitOfMeasure>גרם     </UnitOfMeasure><QtyInPackage>לא ידוע</QtyInPackage><UnitOfMeasurePrice>0.2571</UnitOfMeasurePrice><AllowDiscount>1</AllowDiscount><ItemStatus>1</ItemStatus><ItemPrice>3.60</ItemPrice></item><item><PriceUpdateDate>2015-10-11 14:22:48</PriceUpdateDate><ItemCode>7290008753388</ItemCode><ItemType>1</ItemType><ItemName>דוריטוס טבעי 55 גרם</ItemName><ManufacturerName>דוריטוס</ManufacturerName><ManufactureCountry>ישראל</ManufactureCountry><ManufacturerItemDescription>דוריטוס בטעם טבעי 55 גרם</ManufacturerItemDescription><SoldByWeight/><Quantity>14.00</Quantity><UnitOfMeasure>גרם     </UnitOfMeasure><QtyInPackage>לא ידוע</QtyInPackage><UnitOfMeasurePrice>0.2571</UnitOfMeasurePrice><AllowDiscount>1</AllowDiscount><ItemStatus>1</ItemStatus><ItemPrice>3.60</ItemPrice></item><item><PriceUpdateDate>2016-02-17 06:20:59</PriceUpdateDate><ItemCode>7290008753982</ItemCode><ItemType>1</ItemType><ItemName>שוקולד פרה חלב אוורי</ItemName><ManufacturerName>פרה</ManufacturerName><ManufactureCountry>ישראל</ManufactureCountry><ManufacturerItemDescription>שוקולד חלב אוורירי 85 גר</ManufacturerItemDescription><SoldByWeight/><Quantity>100.00</Quantity><UnitOfMeasure>גרם     </UnitOfMeasure><QtyInPackage>לא ידוע</QtyInPackage><UnitOfMeasurePrice>0.0690</UnitOfMeasurePrice><AllowDiscount>0</AllowDiscount><ItemStatus>1</ItemStatus><ItemPrice>6.90</ItemPrice></item><item><PriceUpdateDate>2016-03-16 14:00:30</PriceUpdateDate><ItemCode>7290008801157</ItemCode><ItemType>1</ItemType><ItemName>יין סלקטד מרלו 750 מ</ItemName><ManufacturerName>סלקטד יקבי כרמל</ManufacturerName><ManufactureCountry>ישראל</ManufactureCountry><ManufacturerItemDescription>יין סלקטד מרלו 750 מל</ManufacturerItemDescription><SoldByWeight/><Quantity>750.00</Quantity><UnitOfMeasure>מ"ל</UnitOfMeasure><QtyInPackage>לא ידוע</QtyInPackage><UnitOfMeasurePrice>0.0399</UnitOfMeasurePrice><AllowDiscount>1</AllowDiscount><ItemStatus>1</ItemStatus><ItemPrice>29.90</ItemPrice></item><item><PriceUpdateDate>2016-05-01 12:07:45</PriceUpdateDate><ItemCode>7290008801454</ItemCode><ItemType>1</ItemType><ItemName>יין ישן נושן 650 מ"ל</ItemName><ManufacturerName>ישן נושן</ManufacturerName><ManufactureCountry>ישראל</ManufactureCountry><ManufacturerItemDescription>יין היובל ישן נושן 650 מל</ManufacturerItemDescription><SoldByWeight/><Quantity>650.00</Quantity><UnitOfMeasure>מ"ל</UnitOfMeasure><QtyInPackage>לא ידוע</QtyInPackage><UnitOfMeasurePrice>0.0275</UnitOfMeasurePrice><AllowDiscount>1</AllowDiscount><ItemStatus>1</ItemStatus><ItemPrice>17.90</ItemPrice></item><item><PriceUpdateDate>2016-02-10 06:36:02</PriceUpdateDate><ItemCode>7290008801522</ItemCode><ItemType>1</ItemType><ItemName>יין קונקורד קינג דוי</ItemName><ManufacturerName>קיניג דיוד</ManufacturerName><ManufactureCountry>ישראל</ManufactureCountry><ManufacturerItemDescription>יין קונקורד קינג דיויד 75</ManufacturerItemDescription><SoldByWeight/><Quantity>750.00</Quantity><UnitOfMeasure>מ"ל</UnitOfMeasure><QtyInPackage>לא ידוע</QtyInPackage><UnitOfMeasurePrice>0.0332</UnitOfMeasurePrice><AllowDiscount>1</AllowDiscount><ItemStatus>1</ItemStatus><ItemPrice>24.90</ItemPrice></item><item><PriceUpdateDate>2016-01-15 07:10:22</PriceUpdateDate><ItemCode>7290008801843</ItemCode><ItemType>1</ItemType><ItemName>יין סלקטד קברנה סובי</ItemName><ManufacturerName>סלקטד יקבי כרמל</ManufacturerName><ManufactureCountry>ישראל</ManufactureCountry><ManufacturerItemDescription>יין סלקטד קברנה סוביניון7</ManufacturerItemDescription><SoldByWeight/><Quantity>750.00</Quantity><UnitOfMeasure>מ"ל</UnitOfMeasure><QtyInPackage>לא ידוע</QtyInPackage><UnitOfMeasurePrice>0.0399</UnitOfMeasurePrice><AllowDiscount>1</AllowDiscount><ItemStatus>1</ItemStatus><ItemPrice>29.90</ItemPrice></item><item><PriceUpdateDate>2016-02-10 06:36:02</PriceUpdateDate><ItemCode>7290008802291</ItemCode><ItemType>1</ItemType><ItemName>יין מרלו 750 מ"ל</ItemName><ManufacturerName>Private Collection</ManufacturerName><ManufactureCountry>ישראל</ManufactureCountry><ManufacturerItemDescription>יין מרלו P.C מל</ManufacturerItemDescription><SoldByWeight/><Quantity>750.00</Quantity><UnitOfMeasure>מ"ל</UnitOfMeasure><QtyInPackage>לא ידוע</QtyInPackage><UnitOfMeasurePrice>0.0572</UnitOfMeasurePrice><AllowDiscount>1</AllowDiscount><ItemStatus>1</ItemStatus><ItemPrice>42.90</ItemPrice></item><item><PriceUpdateDate>2016-03-29 07:28:40</PriceUpdateDate><ItemCode>7290008806909</ItemCode><ItemType>1</ItemType><ItemName>מב גלידות קרמיסימו ש</ItemName><ManufacturerName>שטראוס לייט</ManufacturerName><ManufactureCountry>ישראל</ManufactureCountry><ManufacturerItemDescription>גלידה לייט שוקו וניל</ManufacturerItemDescription><SoldByWeight/><Quantity>1330.00</Quantity><UnitOfMeasure>מ"ל</UnitOfMeasure><QtyInPackage>לא ידוע</QtyInPackage><UnitOfMeasurePrice>0.0142</UnitOfMeasurePrice><AllowDiscount>1</AllowDiscount><ItemStatus>1</ItemStatus><ItemPrice>18.90</ItemPrice></item><item><PriceUpdateDate>2016-03-29 07:28:40</PriceUpdateDate><ItemCode>7290008806961</ItemCode><ItemType>1</ItemType><ItemName>מב גלידות קרמיסימו ש</ItemName><ManufacturerName>קרמיסימו</ManufacturerName><ManufactureCountry>ישראל</ManufactureCountry><ManufacturerItemDescription>קרמיסימו שוקולד ושבבי שוק</ManufacturerItemDescription><SoldByWeight/><Quantity>1330.00</Quantity><UnitOfMeasure>מ"ל</UnitOfMeasure><QtyInPackage>לא ידוע</QtyInPackage><UnitOfMeasurePrice>0.0142</UnitOfMeasurePrice><AllowDiscount>1</AllowDiscount><ItemStatus>1</ItemStatus><ItemPrice>18.90</ItemPrice></item><item><PriceUpdateDate>2016-05-01 12:07:45</PriceUpdateDate><ItemCode>7290008806985</ItemCode><ItemType>1</ItemType><ItemName>נשנושים גלידה שוקו ו</ItemName><ManufacturerName>קרמיסימו</ManufacturerName><ManufactureCountry>ישראל</ManufactureCountry><ManufacturerItemDescription>נשנושים גלידה שוקו ו</ManufacturerItemDescription><SoldByWeight/><Quantity>630.00</Quantity><UnitOfMeasure>גרם     </UnitOfMeasure><QtyInPackage>לא ידוע</QtyInPackage><UnitOfMeasurePrice>0.0792</UnitOfMeasurePrice><AllowDiscount>1</AllowDiscount><ItemStatus>1</ItemStatus><ItemPrice>49.90</ItemPrice></item><item><PriceUpdateDate>2016-02-02 05:51:14</PriceUpdateDate><ItemCode>7290008841900</ItemCode><ItemType>1</ItemType><ItemName>שזיף מגולען 200 גרם</ItemName><ManufacturerName>זארובי</ManufacturerName><ManufactureCountry>ישראל</ManufactureCountry><ManufacturerItemDescription>שזיף מגולען 200 גרם</ManufacturerItemDescription><SoldByWeight/><Quantity>200.00</Quantity><UnitOfMeasure>גרם     </UnitOfMeasure><QtyInPackage>לא ידוע</QtyInPackage><UnitOfMeasurePrice>0.0845</UnitOfMeasurePrice><AllowDiscount>1</AllowDiscount><ItemStatus>1</ItemStatus><ItemPrice>16.90</ItemPrice></item><item><PriceUpdateDate>2015-10-14 10:41:06</PriceUpdateDate><ItemCode>7290008909853</ItemCode><ItemType>1</ItemType><ItemName>קוקה קולה זירו 0.5 ל</ItemName><ManufacturerName>zero קוקה קולה</ManufacturerName><ManufactureCountry>ישראל</ManufactureCountry><ManufacturerItemDescription>קוקה קולה זירו 500 מל</ManufacturerItemDescription><SoldByWeight/><Quantity>500.00</Quantity><UnitOfMeasure>מ"ל</UnitOfMeasure><QtyInPackage>לא ידוע</QtyInPackage><UnitOfMeasurePrice>0.0146</UnitOfMeasurePrice><AllowDiscount>1</AllowDiscount><ItemStatus>1</ItemStatus><ItemPrice>7.30</ItemPrice></item><item><PriceUpdateDate>2016-03-16 13:06:21</PriceUpdateDate><ItemCode>7290008909860</ItemCode><ItemType>1</ItemType><ItemName>קוקה קולה זירו 1.5 ל</ItemName><ManufacturerName>zero קוקה קולה</ManufacturerName><ManufactureCountry>ישראל</ManufactureCountry><ManufacturerItemDescription>קוקה קולה זירו 1.5 ל</ManufacturerItemDescription><SoldByWeight/><Quantity>1500.00</Quantity><UnitOfMeasure>מ"ל</UnitOfMeasure><QtyInPackage>לא ידוע</QtyInPackage><UnitOfMeasurePrice>0.0046</UnitOfMeasurePrice><AllowDiscount>1</AllowDiscount><ItemStatus>1</ItemStatus><ItemPrice>6.90</ItemPrice></item><item><PriceUpdateDate>2016-03-16 13:06:21</PriceUpdateDate><ItemCode>7290008909877</ItemCode><ItemType>1</ItemType><ItemName>קולה זירו שישיות 1.5</ItemName><ManufacturerName>zero קוקה קולה</ManufacturerName><ManufactureCountry>ישראל</ManufactureCountry><ManufacturerItemDescription>קוקה קולה זירו 1.5 1/6 ל</ManufacturerItemDescription><SoldByWeight/><Quantity>9000.00</Quantity><UnitOfMeasure>מ"ל</UnitOfMeasure><QtyInPackage>לא ידוע</QtyInPackage><UnitOfMeasurePrice>0.0041</UnitOfMeasurePrice><AllowDiscount>1</AllowDiscount><ItemStatus>1</ItemStatus><ItemPrice>36.90</ItemPrice></item><item><PriceUpdateDate>2016-03-01 06:44:48</PriceUpdateDate><ItemCode>7290010065318</ItemCode><ItemType>1</ItemType><ItemName>מחית פרינוק תפו''ע ג</ItemName><ManufacturerName>פרינוק</ManufacturerName><ManufactureCountry>ישראל</ManufactureCountry><ManufacturerItemDescription>פרינוק מחית     פו"ע190ג</ManufacturerItemDescription><SoldByWeight/><Quantity>190.00</Quantity><UnitOfMeasure>גרם     </UnitOfMeasure><QtyInPackage>לא ידוע</QtyInPackage><UnitOfMeasurePrice>0.0353</UnitOfMeasurePrice><AllowDiscount>1</AllowDiscount><ItemStatus>1</ItemStatus><ItemPrice>6.70</ItemPrice></item><item><PriceUpdateDate>2016-03-01 06:44:48</PriceUpdateDate><ItemCode>7290010065332</ItemCode><ItemType>1</ItemType><ItemName>מחית פרינוק תפו''ע ב</ItemName><ManufacturerName>פרינוק</ManufacturerName><ManufactureCountry>ישראל</ManufactureCountry><ManufacturerItemDescription>פרינוק מחית תפוע+בננה 190</ManufacturerItemDescription><SoldByWeight/><Quantity>760.00</Quantity><UnitOfMeasure>גרם     </UnitOfMeasure><QtyInPackage>לא ידוע</QtyInPackage><UnitOfMeasurePrice>0.0088</UnitOfMeasurePrice><AllowDiscount>1</AllowDiscount><ItemStatus>1</ItemStatus><ItemPrice>6.70</ItemPrice></item><item><PriceUpdateDate>2016-02-17 06:20:59</PriceUpdateDate><ItemCode>7290010116898</ItemCode><ItemType>1</ItemType><ItemName>שוקולד פרה מריר אוור</ItemName><ManufacturerName>פרה</ManufacturerName><ManufactureCountry>ישראל</ManufactureCountry><ManufacturerItemDescription>שוקולד אוורירי מריר 85 גר</ManufacturerItemDescription><SoldByWeight/><Quantity>85.00</Quantity><UnitOfMeasure>גרם     </UnitOfMeasure><QtyInPackage>לא ידוע</QtyInPackage><UnitOfMeasurePrice>0.0812</UnitOfMeasurePrice><AllowDiscount>0</AllowDiscount><ItemStatus>1</ItemStatus><ItemPrice>6.90</ItemPrice></item><item><PriceUpdateDate>2016-05-01 12:07:54</PriceUpdateDate><ItemCode>7290010116959</ItemCode><ItemType>1</ItemType><ItemName>צ'יטוס קראנצ' גבינה</ItemName><ManufacturerName>צ'יטוס</ManufacturerName><ManufactureCountry>ישראל</ManufactureCountry><ManufacturerItemDescription>חטיף ציטוס גבינה 80 גרם</ManufacturerItemDescription><SoldByWeight/><Quantity>80.00</Quantity><UnitOfMeasure>גרם     </UnitOfMeasure><QtyInPackage>לא ידוע</QtyInPackage><UnitOfMeasurePrice>0.0625</UnitOfMeasurePrice><AllowDiscount>1</AllowDiscount><ItemStatus>1</ItemStatus><ItemPrice>5.00</ItemPrice></item><item><PriceUpdateDate>2015-10-11 14:22:48</PriceUpdateDate><ItemCode>7290010116973</ItemCode><ItemType>1</ItemType><ItemName>צ'יטוס קראנצ' חמאת ב</ItemName><ManufacturerName>צ'יטוס</ManufacturerName><ManufactureCountry>ישראל</ManufactureCountry><ManufacturerItemDescription>צ'יטוס קראנצ' חמאת ב</ManufacturerItemDescription><SoldByWeight/><Quantity>80.00</Quantity><UnitOfMeasure>גרם     </UnitOfMeasure><QtyInPackage>לא ידוע</QtyInPackage><UnitOfMeasurePrice>0.0625</UnitOfMeasurePrice><AllowDiscount>1</AllowDiscount><ItemStatus>1</ItemStatus><ItemPrice>5.00</ItemPrice></item><item><PriceUpdateDate>2016-05-01 10:27:33</PriceUpdateDate><ItemCode>7290010116980</ItemCode><ItemType>1</ItemType><ItemName>מב שוקולית 850 גרם ב</ItemName><ManufacturerName>שוקולית</ManufacturerName><ManufactureCountry>ישראל</ManufactureCountry><ManufacturerItemDescription>מב שוקולית 850 גרם ב</ManufacturerItemDescription><SoldByWeight/><Quantity>850.00</Quantity><UnitOfMeasure>גרם     </UnitOfMeasure><QtyInPackage>לא ידוע</QtyInPackage><UnitOfMeasurePrice>0.0199</UnitOfMeasurePrice><AllowDiscount>1</AllowDiscount><ItemStatus>1</ItemStatus><ItemPrice>16.90</ItemPrice></item><item><PriceUpdateDate>2015-10-11 14:22:48</PriceUpdateDate><ItemCode>7290010119950</ItemCode><ItemType>1</ItemType><ItemName>חטיף דוריטוס חמוץ חר</ItemName><ManufacturerName>דוריטוס</ManufacturerName><ManufactureCountry>ישראל</ManufactureCountry><ManufacturerItemDescription>דוריטוס חמוץ חריף 55 גרם</ManufacturerItemDescription><SoldByWeight/><Quantity>55.00</Quantity><UnitOfMeasure>גרם     </UnitOfMeasure><QtyInPackage>לא ידוע</QtyInPackage><UnitOfMeasurePrice>0.0655</UnitOfMeasurePrice><AllowDiscount>1</AllowDiscount><ItemStatus>1</ItemStatus><ItemPrice>3.60</ItemPrice></item><item><PriceUpdateDate>2015-11-15 20:35:27</PriceUpdateDate><ItemCode>7290010154418</ItemCode><ItemType>1</ItemType><ItemName>סחוג אדום 130 גרם</ItemName><ManufacturerName>תבליני ביטון יוחאי</ManufacturerName><ManufactureCountry>ישראל</ManufactureCountry><ManufacturerItemDescription>סחוג אדום 130 גרם</ManufacturerItemDescription><SoldByWeight/><Quantity>130.00</Quantity><UnitOfMeasure>גרם     </UnitOfMeasure><QtyInPackage>לא ידוע</QtyInPackage><UnitOfMeasurePrice>0.0800</UnitOfMeasurePrice><AllowDiscount>1</AllowDiscount><ItemStatus>1</ItemStatus><ItemPrice>10.40</ItemPrice></item><item><PriceUpdateDate>2015-11-15 20:35:27</PriceUpdateDate><ItemCode>7290010154425</ItemCode><ItemType>1</ItemType><ItemName>סחוג ירוק 130 גרם</ItemName><ManufacturerName>תבליני ביטון יוחאי</ManufacturerName><ManufactureCountry>ישראל</ManufactureCountry><ManufacturerItemDescription>סחוג ירוק 130 גרם</ManufacturerItemDescription><SoldByWeight/><Quantity>130.00</Quantity><UnitOfMeasure>גרם     </UnitOfMeasure><QtyInPackage>לא ידוע</QtyInPackage><UnitOfMeasurePrice>0.0800</UnitOfMeasurePrice><AllowDiscount>1</AllowDiscount><ItemStatus>1</ItemStatus><ItemPrice>10.40</ItemPrice></item><item><PriceUpdateDate>2016-01-05 08:33:40</PriceUpdateDate><ItemCode>7290010173334</ItemCode><ItemType>1</ItemType><ItemName>יין גליל שיראז 750 מ</ItemName><ManufacturerName>הרי גליל</ManufacturerName><ManufactureCountry>ישראל</ManufactureCountry><ManufacturerItemDescription>יין הרי גליל שיראז 750 מל</ManufacturerItemDescription><SoldByWeight/><Quantity>750.00</Quantity><UnitOfMeasure>מ"ל</UnitOfMeasure><QtyInPackage>לא ידוע</QtyInPackage><UnitOfMeasurePrice>0.0629</UnitOfMeasurePrice><AllowDiscount>1</AllowDiscount><ItemStatus>1</ItemStatus><ItemPrice>47.20</ItemPrice></item><item><PriceUpdateDate>2014-12-01 06:29:13</PriceUpdateDate><ItemCode>7290010228201</ItemCode><ItemType>1</ItemType><ItemName>מרנג 100 גרם</ItemName><ManufacturerName>לא ממותג</ManufacturerName><ManufactureCountry>ישראל</ManufactureCountry><ManufacturerItemDescription>מרנג 100 גרם</ManufacturerItemDescription><SoldByWeight/><Quantity>100.00</Quantity><UnitOfMeasure>גרם     </UnitOfMeasure><QtyInPackage>לא ידוע</QtyInPackage><UnitOfMeasurePrice>0.1690</UnitOfMeasurePrice><AllowDiscount>1</AllowDiscount><ItemStatus>1</ItemStatus><ItemPrice>16.90</ItemPrice></item><item><PriceUpdateDate>2015-10-14 10:41:06</PriceUpdateDate><ItemCode>7290010237531</ItemCode><ItemType>1</ItemType><ItemName>פפסי קולה קול 500 מ"</ItemName><ManufacturerName>פפסי</ManufacturerName><ManufactureCountry>ישראל</ManufactureCountry><ManufacturerItemDescription>פפסי קולה 500 מל</ManufacturerItemDescription><SoldByWeight/><Quantity>500.00</Quantity><UnitOfMeasure>מ"ל</UnitOfMeasure><QtyInPackage>לא ידוע</QtyInPackage><UnitOfMeasurePrice>0.0144</UnitOfMeasurePrice><AllowDiscount>1</AllowDiscount><ItemStatus>1</ItemStatus><ItemPrice>7.20</ItemPrice></item><item><PriceUpdateDate>2015-10-14 10:41:06</PriceUpdateDate><ItemCode>7290010237548</ItemCode><ItemType>1</ItemType><ItemName>בקבוק פפסי מקס 0.5 ל</ItemName><ManufacturerName>פפסי מקס</ManufacturerName><ManufactureCountry>ישראל</ManufactureCountry><ManufacturerItemDescription>פפסי מקס 500 מל</ManufacturerItemDescription><SoldByWeight/><Quantity>500.00</Quantity><UnitOfMeasure>מ"ל</UnitOfMeasure><QtyInPackage>לא ידוע</QtyInPackage><UnitOfMeasurePrice>0.0144</UnitOfMeasurePrice><AllowDiscount>1</AllowDiscount><ItemStatus>1</ItemStatus><ItemPrice>7.20</ItemPrice></item><item><PriceUpdateDate>2015-10-14 10:41:06</PriceUpdateDate><ItemCode>7290010237562</ItemCode><ItemType>1</ItemType><ItemName>בקבוק מירנדה 0.5 ליט</ItemName><ManufacturerName>מירינדה תפוז</ManufacturerName><ManufactureCountry>ישראל</ManufactureCountry><ManufacturerItemDescription>מירנדה 500 מל</ManufacturerItemDescription><SoldByWeight/><Quantity>500.00</Quantity><UnitOfMeasure>מ"ל</UnitOfMeasure><QtyInPackage>לא ידוע</QtyInPackage><UnitOfMeasurePrice>0.0144</UnitOfMeasurePrice><AllowDiscount>1</AllowDiscount><ItemStatus>1</ItemStatus><ItemPrice>7.20</ItemPrice></item><item><PriceUpdateDate>2015-10-14 10:41:06</PriceUpdateDate><ItemCode>7290010237579</ItemCode><ItemType>1</ItemType><ItemName>בקבוק סבן אפ 0.5 ליט</ItemName><ManufacturerName>7 אפ</ManufacturerName><ManufactureCountry>ישראל</ManufactureCountry><ManufacturerItemDescription>בקבוק סבן אפ 0.5 ליט</ManufacturerItemDescription><SoldByWeight/><Quantity>500.00</Quantity><UnitOfMeasure>מ"ל</UnitOfMeasure><QtyInPackage>לא ידוע</QtyInPackage><UnitOfMeasurePrice>0.0144</UnitOfMeasurePrice><AllowDiscount>1</AllowDiscount><ItemStatus>1</ItemStatus><ItemPrice>7.20</ItemPrice></item><item><PriceUpdateDate>2015-10-14 10:41:06</PriceUpdateDate><ItemCode>7290010237586</ItemCode><ItemType>1</ItemType><ItemName>בקבוק דיאט סבן אפ 0.</ItemName><ManufacturerName>7 אפ דיאט</ManufacturerName><ManufactureCountry>ישראל</ManufactureCountry><ManufacturerItemDescription>בקבוק דיאט סבן אפ 0.</ManufacturerItemDescription><SoldByWeight/><Quantity>500.00</Quantity><UnitOfMeasure>מ"ל</UnitOfMeasure><QtyInPackage>לא ידוע</QtyInPackage><UnitOfMeasurePrice>0.0144</UnitOfMeasurePrice><AllowDiscount>1</AllowDiscount><ItemStatus>1</ItemStatus><ItemPrice>7.20</ItemPrice></item><item><PriceUpdateDate>2015-02-25 07:00:03</PriceUpdateDate><ItemCode>7290010256273</ItemCode><ItemType>1</ItemType><ItemName>מפות שולחן 8 יח' 135</ItemName><ManufacturerName>"המותג"</ManufacturerName><ManufactureCountry>ישראל</ManufactureCountry><ManufacturerItemDescription>מפות שולחן 8 יח' 135</ManufacturerItemDescription><SoldByWeight/><Quantity>8.00</Quantity><UnitOfMeasure>יח</UnitOfMeasure><QtyInPackage>לא ידוע</QtyInPackage><UnitOfMeasurePrice>0.6125</UnitOfMeasurePrice><AllowDiscount>1</AllowDiscount><ItemStatus>1</ItemStatus><ItemPrice>4.90</ItemPrice></item><item><PriceUpdateDate>2015-02-25 07:00:03</PriceUpdateDate><ItemCode>7290010256303</ItemCode><ItemType>1</ItemType><ItemName>זוג שקיות רב שימושיו</ItemName><ManufacturerName>"המותג"</ManufacturerName><ManufactureCountry>ישראל</ManufactureCountry><ManufacturerItemDescription>זוג שקיות רב שימושיו</ManufacturerItemDescription><SoldByWeight/><Quantity>200.00</Quantity><UnitOfMeasure>יח'</UnitOfMeasure><QtyInPackage>לא ידוע</QtyInPackage><UnitOfMeasurePrice>0.0410</UnitOfMeasurePrice><AllowDiscount>1</AllowDiscount><ItemStatus>1</ItemStatus><ItemPrice>8.20</ItemPrice></item><item><PriceUpdateDate>2015-11-02 17:20:30</PriceUpdateDate><ItemCode>7290010259038</ItemCode><ItemType>1</ItemType><ItemName>ממרח חמאה לורפק עם מ</ItemName><ManufacturerName>לורפק</ManufacturerName><ManufactureCountry>ישראל</ManufactureCountry><ManufacturerItemDescription>ממרח חמאה לורפק עם מ</ManufacturerItemDescription><SoldByWeight/><Quantity>500.00</Quantity><UnitOfMeasure>גרם     </UnitOfMeasure><QtyInPackage>לא ידוע</QtyInPackage><UnitOfMeasurePrice>0.0610</UnitOfMeasurePrice><AllowDiscount>1</AllowDiscount><ItemStatus>1</ItemStatus><ItemPrice>30.50</ItemPrice></item><item><PriceUpdateDate>2014-12-01 06:28:08</PriceUpdateDate><ItemCode>7290010259892</ItemCode><ItemType>1</ItemType><ItemName>מרגרינה ללא מלח 200ג</ItemName><ManufacturerName>לא ממותג</ManufacturerName><ManufactureCountry>ישראל</ManufactureCountry><ManufacturerItemDescription>מרגרינה ללא מלח 200ג</ManufacturerItemDescription><SoldByWeight/><Quantity>200.00</Quantity><UnitOfMeasure>מ"ל</UnitOfMeasure><QtyInPackage>לא ידוע</QtyInPackage><UnitOfMeasurePrice>0.0195</UnitOfMeasurePrice><AllowDiscount>1</AllowDiscount><ItemStatus>1</ItemStatus><ItemPrice>3.90</ItemPrice></item><item><PriceUpdateDate>2015-10-11 14:17:12</PriceUpdateDate><ItemCode>7290010259977</ItemCode><ItemType>1</ItemType><ItemName>שמן קנולה מזוכך 1ליט</ItemName><ManufacturerName>וילי פוד</ManufacturerName><ManufactureCountry>ישראל</ManufactureCountry><ManufacturerItemDescription>שמן קנולה מזוכך 1ליט</ManufacturerItemDescription><SoldByWeight/><Quantity>1000.00</Quantity><UnitOfMeasure>מ"ל</UnitOfMeasure><QtyInPackage>לא ידוע</QtyInPackage><UnitOfMeasurePrice>0.0101</UnitOfMeasurePrice><AllowDiscount>1</AllowDiscount><ItemStatus>1</ItemStatus><ItemPrice>10.10</ItemPrice></item><item><PriceUpdateDate>2016-05-01 12:07:58</PriceUpdateDate><ItemCode>7290010287796</ItemCode><ItemType>1</ItemType><ItemName>יין וינטאז קברנה סוב</ItemName><ManufacturerName>לא ממתוג</ManufacturerName><ManufactureCountry>לא ידוע</ManufactureCountry><ManufacturerItemDescription>יין וינטאז קברנה סוב</ManufacturerItemDescription><SoldByWeight/><Quantity>750.00</Quantity><UnitOfMeasure>מ"ל</UnitOfMeasure><QtyInPackage>לא ידוע</QtyInPackage><UnitOfMeasurePrice>0.0385</UnitOfMeasurePrice><AllowDiscount>1</AllowDiscount><ItemStatus>1</ItemStatus><ItemPrice>28.90</ItemPrice></item><item><PriceUpdateDate>2014-12-01 06:28:11</PriceUpdateDate><ItemCode>7290010328093</ItemCode><ItemType>1</ItemType><ItemName>ממרח חלבה 500 גרם</ItemName><ManufacturerName>אחוה</ManufacturerName><ManufactureCountry>ישראל</ManufactureCountry><ManufacturerItemDescription>ממרח חלבה 500 גרם</ManufacturerItemDescription><SoldByWeight/><Quantity>500.00</Quantity><UnitOfMeasure>גרם     </UnitOfMeasure><QtyInPackage>לא ידוע</QtyInPackage><UnitOfMeasurePrice>0.0378</UnitOfMeasurePrice><AllowDiscount>1</AllowDiscount><ItemStatus>1</ItemStatus><ItemPrice>18.90</ItemPrice></item><item><PriceUpdateDate>2015-11-15 20:35:27</PriceUpdateDate><ItemCode>7290010328178</ItemCode><ItemType>1</ItemType><ItemName>חלבה מסולסלת 250 גרם</ItemName><ManufacturerName>אחוה</ManufacturerName><ManufactureCountry>ישראל</ManufactureCountry><ManufacturerItemDescription>חלבה מסולסלת 250 גרם</ManufacturerItemDescription><SoldByWeight/><Quantity>250.00</Quantity><UnitOfMeasure>גרם     </UnitOfMeasure><QtyInPackage>לא ידוע</QtyInPackage><UnitOfMeasurePrice>0.0692</UnitOfMeasurePrice><AllowDiscount>1</AllowDiscount><ItemStatus>1</ItemStatus><ItemPrice>17.30</ItemPrice></item><item><PriceUpdateDate>2016-05-01 10:27:39</PriceUpdateDate><ItemCode>7290010328246</ItemCode><ItemType>1</ItemType><ItemName>טחינה אחוה שומשום מל</ItemName><ManufacturerName>אחווה</ManufacturerName><ManufactureCountry>ישראל</ManufactureCountry><ManufacturerItemDescription>טחינה אחוה שומשום מל</ManufacturerItemDescription><SoldByWeight/><Quantity>500.00</Quantity><UnitOfMeasure>גרם     </UnitOfMeasure><QtyInPackage>לא ידוע</QtyInPackage><UnitOfMeasurePrice>0.0278</UnitOfMeasurePrice><AllowDiscount>1</AllowDiscount><ItemStatus>1</ItemStatus><ItemPrice>13.90</ItemPrice></item><item><PriceUpdateDate>2016-05-01 10:27:39</PriceUpdateDate><ItemCode>7290010328253</ItemCode><ItemType>1</ItemType><ItemName>טחינה גולמית אחוה 50</ItemName><ManufacturerName>אחווה</ManufacturerName><ManufactureCountry>ישראל</ManufactureCountry><ManufacturerItemDescription>טחינה גולמית אחווה 500 גר</ManufacturerItemDescription><SoldByWeight/><Quantity>500.00</Quantity><UnitOfMeasure>גרם     </UnitOfMeasure><QtyInPackage>לא ידוע</QtyInPackage><UnitOfMeasurePrice>0.0278</UnitOfMeasurePrice><AllowDiscount>1</AllowDiscount><ItemStatus>1</ItemStatus><ItemPrice>13.90</ItemPrice></item><item><PriceUpdateDate>2016-05-01 12:07:59</PriceUpdateDate><ItemCode>7290010429295</ItemCode><ItemType>1</ItemType><ItemName>מעדן משמש 100% פרי 2</ItemName><ManufacturerName>יד מרדכי</ManufacturerName><ManufactureCountry>ישראל</ManufactureCountry><ManufacturerItemDescription>מעדן משמש 100% פרי 2</ManufacturerItemDescription><SoldByWeight/><Quantity>250.00</Quantity><UnitOfMeasure>גרם     </UnitOfMeasure><QtyInPackage>לא ידוע</QtyInPackage><UnitOfMeasurePrice>0.0652</UnitOfMeasurePrice><AllowDiscount>1</AllowDiscount><ItemStatus>1</ItemStatus><ItemPrice>16.30</ItemPrice></item><item><PriceUpdateDate>2016-05-01 12:07:59</PriceUpdateDate><ItemCode>7290010429301</ItemCode><ItemType>1</ItemType><ItemName>מעדן תות 100% פרי 25</ItemName><ManufacturerName>יד מרדכי</ManufacturerName><ManufactureCountry>ישראל</ManufactureCountry><ManufacturerItemDescription>מעדן תות 100% פרי 250 גרם</ManufacturerItemDescription><SoldByWeight/><Quantity>250.00</Quantity><UnitOfMeasure>גרם     </UnitOfMeasure><QtyInPackage>לא ידוע</QtyInPackage><UnitOfMeasurePrice>0.0652</UnitOfMeasurePrice><AllowDiscount>1</AllowDiscount><ItemStatus>1</ItemStatus><ItemPrice>16.30</ItemPrice></item><item><PriceUpdateDate>2016-05-01 12:07:59</PriceUpdateDate><ItemCode>7290010429318</ItemCode><ItemType>1</ItemType><ItemName>מעדן פירות יער 100%</ItemName><ManufacturerName>יד מרדכי</ManufacturerName><ManufactureCountry>ישראל</ManufactureCountry><ManufacturerItemDescription>מעדן פירות יער 100% פרי 2</ManufacturerItemDescription><SoldByWeight/><Quantity>250.00</Quantity><UnitOfMeasure>גרם     </UnitOfMeasure><QtyInPackage>לא ידוע</QtyInPackage><UnitOfMeasurePrice>0.0652</UnitOfMeasurePrice><AllowDiscount>1</AllowDiscount><ItemStatus>1</ItemStatus><ItemPrice>16.30</ItemPrice></item><item><PriceUpdateDate>2016-05-01 12:08:00</PriceUpdateDate><ItemCode>7290010429554</ItemCode><ItemType>1</ItemType><ItemName>שמן זית יד מרדכי כתי</ItemName><ManufacturerName>יד מרדכי</ManufacturerName><ManufactureCountry>ישראל</ManufactureCountry><ManufacturerItemDescription>שמן זית כתית מעולה2- קלאס</ManufacturerItemDescription><SoldByWeight/><Quantity>750.00</Quantity><UnitOfMeasure>מ"ל</UnitOfMeasure><QtyInPackage>לא ידוע</QtyInPackage><UnitOfMeasurePrice>0.0492</UnitOfMeasurePrice><AllowDiscount>1</AllowDiscount><ItemStatus>1</ItemStatus><ItemPrice>36.90</ItemPrice></item><item><PriceUpdateDate>2016-03-16 14:01:05</PriceUpdateDate><ItemCode>7290010471669</ItemCode><ItemType>1</ItemType><ItemName>דנונה בר תות קורנפלק</ItemName><ManufacturerName>דנונה</ManufacturerName><ManufactureCountry>ישראל</ManufactureCountry><ManufacturerItemDescription>דנונהבר תות קורנפלקס מצופ</ManufacturerItemDescription><SoldByWeight/><Quantity>175.00</Quantity><UnitOfMeasure>מ"ל</UnitOfMeasure><QtyInPackage>לא ידוע</QtyInPackage><UnitOfMeasurePrice>0.0257</UnitOfMeasurePrice><AllowDiscount>1</AllowDiscount><ItemStatus>1</ItemStatus><ItemPrice>4.50</ItemPrice></item><item><PriceUpdateDate>2016-02-21 07:01:45</PriceUpdateDate><ItemCode>7290010472390</ItemCode><ItemType>1</ItemType><ItemName>מארז שמינייה דני שוק</ItemName><ManufacturerName>דני</ManufacturerName><ManufactureCountry>ישראל</ManufactureCountry><ManufacturerItemDescription>מארז שמינייה דני שוק</ManufacturerItemDescription><SoldByWeight/><Quantity>1000.00</Quantity><UnitOfMeasure>גרם     </UnitOfMeasure><QtyInPackage>לא ידוע</QtyInPackage><UnitOfMeasurePrice>0.0169</UnitOfMeasurePrice><AllowDiscount>1</AllowDiscount><ItemStatus>1</ItemStatus><ItemPrice>16.90</ItemPrice></item><item><PriceUpdateDate>2016-05-01 12:08:00</PriceUpdateDate><ItemCode>7290010613656</ItemCode><ItemType>1</ItemType><ItemName>שמפו רצפות בריח מאסק</ItemName><ManufacturerName>"המותג"</ManufacturerName><ManufactureCountry>ישראל</ManufactureCountry><ManufacturerItemDescription>שמפו רצפות בריח מאסק</ManufacturerItemDescription><SoldByWeight/><Quantity>4000.00</Quantity><UnitOfMeasure>מ"ל</UnitOfMeasure><QtyInPackage>לא ידוע</QtyInPackage><UnitOfMeasurePrice>0.0028</UnitOfMeasurePrice><AllowDiscount>1</AllowDiscount><ItemStatus>1</ItemStatus><ItemPrice>11.20</ItemPrice></item><item><PriceUpdateDate>2016-05-01 12:08:01</PriceUpdateDate><ItemCode>7290010613663</ItemCode><ItemType>1</ItemType><ItemName>שמפו רצפות בריח אורנ</ItemName><ManufacturerName>"המותג"</ManufacturerName><ManufactureCountry>ישראל</ManufactureCountry><ManufacturerItemDescription>שמפו רצפות בריח אורנ</ManufacturerItemDescription><SoldByWeight/><Quantity>4000.00</Quantity><UnitOfMeasure>מ"ל</UnitOfMeasure><QtyInPackage>לא ידוע</QtyInPackage><UnitOfMeasurePrice>0.0028</UnitOfMeasurePrice><AllowDiscount>1</AllowDiscount><ItemStatus>1</ItemStatus><ItemPrice>11.20</ItemPrice></item><item><PriceUpdateDate>2016-05-01 12:08:01</PriceUpdateDate><ItemCode>7290010613908</ItemCode><ItemType>1</ItemType><ItemName>אקונומיקה לימון 4 לי</ItemName><ManufacturerName>"המותג"</ManufacturerName><ManufactureCountry>ישראל</ManufactureCountry><ManufacturerItemDescription>אקונומיקה לימון 4 לי</ManufacturerItemDescription><SoldByWeight/><Quantity>4000.00</Quantity><UnitOfMeasure>מ"ל</UnitOfMeasure><QtyInPackage>לא ידוע</QtyInPackage><UnitOfMeasurePrice>0.0025</UnitOfMeasurePrice><AllowDiscount>1</AllowDiscount><ItemStatus>1</ItemStatus><ItemPrice>9.90</ItemPrice></item><item><PriceUpdateDate>2015-02-19 06:31:53</PriceUpdateDate><ItemCode>7290010613922</ItemCode><ItemType>1</ItemType><ItemName>נוזל כלים 18% שלישיי</ItemName><ManufacturerName>"המותג"</ManufacturerName><ManufactureCountry>ישראל</ManufactureCountry><ManufacturerItemDescription>נוזל כלים 18% שלישיי</ManufacturerItemDescription><SoldByWeight/><Quantity>2250.00</Quantity><UnitOfMeasure>מ"ל</UnitOfMeasure><QtyInPackage>לא ידוע</QtyInPackage><UnitOfMeasurePrice>0.0080</UnitOfMeasurePrice><AllowDiscount>1</AllowDiscount><ItemStatus>1</ItemStatus><ItemPrice>17.90</ItemPrice></item><item><PriceUpdateDate>2015-11-12 15:14:20</PriceUpdateDate><ItemCode>7290010699056</ItemCode><ItemType>1</ItemType><ItemName>נרות ליצן 4 יחידות</ItemName><ManufacturerName>שמחה זה אנחנו</ManufacturerName><ManufactureCountry>ישראל</ManufactureCountry><ManufacturerItemDescription>נרות ליצן 4 יחידות</ManufacturerItemDescription><SoldByWeight/><Quantity>0.00</Quantity><UnitOfMeasure>יח'</UnitOfMeasure><QtyInPackage>לא ידוע</QtyInPackage><UnitOfMeasurePrice>0.0000</UnitOfMeasurePrice><AllowDiscount>1</AllowDiscount><ItemStatus>1</ItemStatus><ItemPrice>8.00</ItemPrice></item><item><PriceUpdateDate>2015-10-15 12:36:56</PriceUpdateDate><ItemCode>7290010711369</ItemCode><ItemType>1</ItemType><ItemName>גליל מטליות רב"ש אקו</ItemName><ManufacturerName>"המותג"</ManufacturerName><ManufactureCountry>ישראל</ManufactureCountry><ManufacturerItemDescription>גליל מטליות רב"ש אקו</ManufacturerItemDescription><SoldByWeight/><Quantity>33.00</Quantity><UnitOfMeasure>יח'</UnitOfMeasure><QtyInPackage>לא ידוע</QtyInPackage><UnitOfMeasurePrice>0.6939</UnitOfMeasurePrice><AllowDiscount>1</AllowDiscount><ItemStatus>1</ItemStatus><ItemPrice>22.90</ItemPrice></item><item><PriceUpdateDate>2016-03-01 06:44:51</PriceUpdateDate><ItemCode>7290010839506</ItemCode><ItemType>1</ItemType><ItemName>ממרח עשיר בחמאה דנית</ItemName><ManufacturerName>וילי פוד</ManufacturerName><ManufactureCountry>ישראל</ManufactureCountry><ManufacturerItemDescription>ממרח עשיר בחמאה דנית</ManufacturerItemDescription><SoldByWeight/><Quantity>250.00</Quantity><UnitOfMeasure>גרם     </UnitOfMeasure><QtyInPackage>לא ידוע</QtyInPackage><UnitOfMeasurePrice>0.0796</UnitOfMeasurePrice><AllowDiscount>1</AllowDiscount><ItemStatus>1</ItemStatus><ItemPrice>19.90</ItemPrice></item><item><PriceUpdateDate>2016-03-29 07:11:03</PriceUpdateDate><ItemCode>7290010849505</ItemCode><ItemType>1</ItemType><ItemName>למברוסקו די לואיגי ר</ItemName><ManufacturerName>למברוסקו</ManufacturerName><ManufactureCountry>איטליה</ManufactureCountry><ManufacturerItemDescription>עוגיות בוקר מרבהם/חלב225</ManufacturerItemDescription><SoldByWeight/><Quantity>750.00</Quantity><UnitOfMeasure>מ"ל</UnitOfMeasure><QtyInPackage>לא ידוע</QtyInPackage><UnitOfMeasurePrice>0.0503</UnitOfMeasurePrice><AllowDiscount>1</AllowDiscount><ItemStatus>1</ItemStatus><ItemPrice>37.70</ItemPrice></item><item><PriceUpdateDate>2016-03-29 07:11:03</PriceUpdateDate><ItemCode>7290010849512</ItemCode><ItemType>1</ItemType><ItemName>למברוסקו די לואג'י 7</ItemName><ManufacturerName>למברוסקו</ManufacturerName><ManufactureCountry>איטליה</ManufactureCountry><ManufacturerItemDescription>ברנפלקס         ן 375 גר</ManufacturerItemDescription><SoldByWeight/><Quantity>750.00</Quantity><UnitOfMeasure>מ"ל</UnitOfMeasure><QtyInPackage>לא ידוע</QtyInPackage><UnitOfMeasurePrice>0.0503</UnitOfMeasurePrice><AllowDiscount>1</AllowDiscount><ItemStatus>1</ItemStatus><ItemPrice>37.70</ItemPrice></item><item><PriceUpdateDate>2015-11-13 10:56:34</PriceUpdateDate><ItemCode>7290010945146</ItemCode><ItemType>1</ItemType><ItemName>קוטג' 3% טרה 250 גרם</ItemName><ManufacturerName>טרה</ManufacturerName><ManufactureCountry>ישראל</ManufactureCountry><ManufacturerItemDescription>קוטג מועשר 250 3% גרם</ManufacturerItemDescription><SoldByWeight/><Quantity>250.00</Quantity><UnitOfMeasure>גרם     </UnitOfMeasure><QtyInPackage>לא ידוע</QtyInPackage><UnitOfMeasurePrice>0.0228</UnitOfMeasurePrice><AllowDiscount>1</AllowDiscount><ItemStatus>1</ItemStatus><ItemPrice>5.70</ItemPrice></item><item><PriceUpdateDate>2015-10-13 11:27:36</PriceUpdateDate><ItemCode>7290010945450</ItemCode><ItemType>1</ItemType><ItemName>גבינה לבנה 3% טרה מה</ItemName><ManufacturerName>טרה</ManufacturerName><ManufactureCountry>ישראל</ManufactureCountry><ManufacturerItemDescription>גבינה לבנה 250 3% גרם מהד</ManufacturerItemDescription><SoldByWeight/><Quantity>250.00</Quantity><UnitOfMeasure>גרם     </UnitOfMeasure><QtyInPackage>לא ידוע</QtyInPackage><UnitOfMeasurePrice>0.0196</UnitOfMeasurePrice><AllowDiscount>1</AllowDiscount><ItemStatus>1</ItemStatus><ItemPrice>4.90</ItemPrice></item><item><PriceUpdateDate>2016-03-01 07:13:33</PriceUpdateDate><ItemCode>7290010945481</ItemCode><ItemType>1</ItemType><ItemName>מב גבינה לבנה 5% מהד</ItemName><ManufacturerName>טרה</ManufacturerName><ManufactureCountry>ישראל</ManufactureCountry><ManufacturerItemDescription>מב גבינה לבנה 5% מהד</ManufacturerItemDescription><SoldByWeight/><Quantity>500.00</Quantity><UnitOfMeasure>גרם     </UnitOfMeasure><QtyInPackage>לא ידוע</QtyInPackage><UnitOfMeasurePrice>0.0178</UnitOfMeasurePrice><AllowDiscount>1</AllowDiscount><ItemStatus>1</ItemStatus><ItemPrice>8.90</ItemPrice></item><item><PriceUpdateDate>2016-03-16 13:06:42</PriceUpdateDate><ItemCode>7290011017606</ItemCode><ItemType>1</ItemType><ItemName>פאנטה לימונדה 1.5 לי</ItemName><ManufacturerName>פאנטה אורנג</ManufacturerName><ManufactureCountry>ישראל</ManufactureCountry><ManufacturerItemDescription>פאנטה לימונדה 1.5 לי</ManufacturerItemDescription><SoldByWeight/><Quantity>1500.00</Quantity><UnitOfMeasure>מ"ל</UnitOfMeasure><QtyInPackage>לא ידוע</QtyInPackage><UnitOfMeasurePrice>0.0046</UnitOfMeasurePrice><AllowDiscount>1</AllowDiscount><ItemStatus>1</ItemStatus><ItemPrice>6.90</ItemPrice></item><item><PriceUpdateDate>2015-10-14 10:41:06</PriceUpdateDate><ItemCode>7290011017866</ItemCode><ItemType>1</ItemType><ItemName>פחית קוקה קולה 330 מ</ItemName><ManufacturerName>קוקה קולה</ManufacturerName><ManufactureCountry>ישראל</ManufactureCountry><ManufacturerItemDescription>קוקה קולה פחית סליק 330 מ</ManufacturerItemDescription><SoldByWeight/><Quantity>330.00</Quantity><UnitOfMeasure>מ"ל</UnitOfMeasure><QtyInPackage>לא ידוע</QtyInPackage><UnitOfMeasurePrice>0.0176</UnitOfMeasurePrice><AllowDiscount>1</AllowDiscount><ItemStatus>1</ItemStatus><ItemPrice>5.80</ItemPrice></item><item><PriceUpdateDate>2015-10-14 10:41:06</PriceUpdateDate><ItemCode>7290011017873</ItemCode><ItemType>1</ItemType><ItemName>פחית קולה זירו 330 מ</ItemName><ManufacturerName>קוקה קולה</ManufacturerName><ManufactureCountry>ישראל</ManufactureCountry><ManufacturerItemDescription>קולה פחית ZERO סליק 330 מ</ManufacturerItemDescription><SoldByWeight/><Quantity>330.00</Quantity><UnitOfMeasure>מ"ל</UnitOfMeasure><QtyInPackage>לא ידוע</QtyInPackage><UnitOfMeasurePrice>0.0176</UnitOfMeasurePrice><AllowDiscount>1</AllowDiscount><ItemStatus>1</ItemStatus><ItemPrice>5.80</ItemPrice></item><item><PriceUpdateDate>2015-11-15 20:32:47</PriceUpdateDate><ItemCode>7290011018184</ItemCode><ItemType>1</ItemType><ItemName>FUZE TEA אפרסק 0.5 ל</ItemName><ManufacturerName>לא ממותג</ManufacturerName><ManufactureCountry>ישראל</ManufactureCountry><ManufacturerItemDescription>תה קר FUZE TEA אפרסק 500</ManufacturerItemDescription><SoldByWeight/><Quantity>500.00</Quantity><UnitOfMeasure>מ"ל</UnitOfMeasure><QtyInPackage>לא ידוע</QtyInPackage><UnitOfMeasurePrice>0.0148</UnitOfMeasurePrice><AllowDiscount>1</AllowDiscount><ItemStatus>1</ItemStatus><ItemPrice>7.40</ItemPrice></item><item><PriceUpdateDate>2015-09-30 23:47:48</PriceUpdateDate><ItemCode>7290011018252</ItemCode><ItemType>1</ItemType><ItemName>FUZA TEA מנגו אננס 1</ItemName><ManufacturerName>לא ממותג</ManufacturerName><ManufactureCountry>ישראל</ManufactureCountry><ManufacturerItemDescription>תה קר FUZE TEA מנגו אננס</ManufacturerItemDescription><SoldByWeight/><Quantity>1500.00</Quantity><UnitOfMeasure>מ"ל</UnitOfMeasure><QtyInPackage>לא ידוע</QtyInPackage><UnitOfMeasurePrice>0.0048</UnitOfMeasurePrice><AllowDiscount>1</AllowDiscount><ItemStatus>1</ItemStatus><ItemPrice>7.20</ItemPrice></item><item><PriceUpdateDate>2015-09-30 23:47:48</PriceUpdateDate><ItemCode>7290011018283</ItemCode><ItemType>1</ItemType><ItemName>FUZA TEA משקה אפרסק</ItemName><ManufacturerName>לא ממותג</ManufacturerName><ManufactureCountry>ישראל</ManufactureCountry><ManufacturerItemDescription>תה קר FUZE TEA אפרסק 1.5</ManufacturerItemDescription><SoldByWeight/><Quantity>1500.00</Quantity><UnitOfMeasure>מ"ל</UnitOfMeasure><QtyInPackage>לא ידוע</QtyInPackage><UnitOfMeasurePrice>0.0048</UnitOfMeasurePrice><AllowDiscount>1</AllowDiscount><ItemStatus>1</ItemStatus><ItemPrice>7.20</ItemPrice></item><item><PriceUpdateDate>2015-09-30 23:47:48</PriceUpdateDate><ItemCode>7290011018306</ItemCode><ItemType>1</ItemType><ItemName>FUZA TEA דיאט אפרסק</ItemName><ManufacturerName>לא ממותג</ManufacturerName><ManufactureCountry>ישראל</ManufactureCountry><ManufacturerItemDescription>תה קר דיאט FUZE TEA אפרסק</ManufacturerItemDescription><SoldByWeight/><Quantity>1500.00</Quantity><UnitOfMeasure>מ"ל</UnitOfMeasure><QtyInPackage>לא ידוע</QtyInPackage><UnitOfMeasurePrice>0.0048</UnitOfMeasurePrice><AllowDiscount>1</AllowDiscount><ItemStatus>1</ItemStatus><ItemPrice>7.20</ItemPrice></item><item><PriceUpdateDate>2015-10-14 10:41:07</PriceUpdateDate><ItemCode>7290011018443</ItemCode><ItemType>1</ItemType><ItemName>פחית פאנטה אורנג' 33</ItemName><ManufacturerName>פאנטה אורנג</ManufacturerName><ManufactureCountry>ישראל</ManufactureCountry><ManufacturerItemDescription>פחית פאנטה אורנג' 33</ManufacturerItemDescription><SoldByWeight/><Quantity>330.00</Quantity><UnitOfMeasure>מ"ל</UnitOfMeasure><QtyInPackage>לא ידוע</QtyInPackage><UnitOfMeasurePrice>0.0176</UnitOfMeasurePrice><AllowDiscount>1</AllowDiscount><ItemStatus>1</ItemStatus><ItemPrice>5.80</ItemPrice></item><item><PriceUpdateDate>2015-09-30 23:47:48</PriceUpdateDate><ItemCode>7290011018580</ItemCode><ItemType>1</ItemType><ItemName>FUZE TEA ענבים 1.5 ל</ItemName><ManufacturerName>לא ממותג</ManufacturerName><ManufactureCountry>ישראל</ManufactureCountry><ManufacturerItemDescription>תה קר FUZE TEA ענבים 1.5</ManufacturerItemDescription><SoldByWeight/><Quantity>1500.00</Quantity><UnitOfMeasure>גרם     </UnitOfMeasure><QtyInPackage>לא ידוע</QtyInPackage><UnitOfMeasurePrice>0.0048</UnitOfMeasurePrice><AllowDiscount>1</AllowDiscount><ItemStatus>1</ItemStatus><ItemPrice>7.20</ItemPrice></item><item><PriceUpdateDate>2015-11-13 10:56:34</PriceUpdateDate><ItemCode>7290011051365</ItemCode><ItemType>1</ItemType><ItemName>שוופס סודה לימון רבי</ItemName><ManufacturerName>שוופס</ManufacturerName><ManufactureCountry>ישראל</ManufactureCountry><ManufacturerItemDescription>סודה שוופס לימון 1.5 ל</ManufacturerItemDescription><SoldByWeight/><Quantity>6000.00</Quantity><UnitOfMeasure>מ"ל</UnitOfMeasure><QtyInPackage>לא ידוע</QtyInPackage><UnitOfMeasurePrice>0.0018</UnitOfMeasurePrice><AllowDiscount>1</AllowDiscount><ItemStatus>1</ItemStatus><ItemPrice>11.00</ItemPrice></item><item><PriceUpdateDate>2016-03-29 07:28:41</PriceUpdateDate><ItemCode>7290011051396</ItemCode><ItemType>1</ItemType><ItemName>מב שוופס מוגז עדין א</ItemName><ManufacturerName>שוופס</ManufacturerName><ManufactureCountry>ישראל</ManufactureCountry><ManufacturerItemDescription>שוופס מוגז עדין אפרסק 1.5</ManufacturerItemDescription><SoldByWeight/><Quantity>1500.00</Quantity><UnitOfMeasure>מ"ל</UnitOfMeasure><QtyInPackage>לא ידוע</QtyInPackage><UnitOfMeasurePrice>0.0046</UnitOfMeasurePrice><AllowDiscount>1</AllowDiscount><ItemStatus>1</ItemStatus><ItemPrice>6.90</ItemPrice></item><item><PriceUpdateDate>2016-03-01 07:13:33</PriceUpdateDate><ItemCode>7290011051488</ItemCode><ItemType>1</ItemType><ItemName>ספרינג טי אפרסק 1.5</ItemName><ManufacturerName>ספרינג טי</ManufacturerName><ManufactureCountry>ישראל</ManufactureCountry><ManufacturerItemDescription>תה קר SPRING TEA אפרסק 1.</ManufacturerItemDescription><SoldByWeight/><Quantity>1500.00</Quantity><UnitOfMeasure>מ"ל</UnitOfMeasure><QtyInPackage>לא ידוע</QtyInPackage><UnitOfMeasurePrice>0.0046</UnitOfMeasurePrice><AllowDiscount>1</AllowDiscount><ItemStatus>1</ItemStatus><ItemPrice>6.90</ItemPrice></item><item><PriceUpdateDate>2016-03-01 07:13:33</PriceUpdateDate><ItemCode>7290011051495</ItemCode><ItemType>1</ItemType><ItemName>ספרינג טי תה ירוק לי</ItemName><ManufacturerName>ספרינג טי</ManufacturerName><ManufactureCountry>ישראל</ManufactureCountry><ManufacturerItemDescription>תה ירוק SPRING לימון לואי</ManufacturerItemDescription><SoldByWeight/><Quantity>1500.00</Quantity><UnitOfMeasure>מ"ל</UnitOfMeasure><QtyInPackage>לא ידוע</QtyInPackage><UnitOfMeasurePrice>0.0046</UnitOfMeasurePrice><AllowDiscount>1</AllowDiscount><ItemStatus>1</ItemStatus><ItemPrice>6.90</ItemPrice></item><item><PriceUpdateDate>2016-03-29 07:28:41</PriceUpdateDate><ItemCode>7290011051655</ItemCode><ItemType>1</ItemType><ItemName>מב שוופס מוגז עדין ר</ItemName><ManufacturerName>שוופס</ManufacturerName><ManufactureCountry>ישראל</ManufactureCountry><ManufacturerItemDescription>שוופס מוגז ענבים ריזלינג</ManufacturerItemDescription><SoldByWeight/><Quantity>1500.00</Quantity><UnitOfMeasure>מ"ל</UnitOfMeasure><QtyInPackage>לא ידוע</QtyInPackage><UnitOfMeasurePrice>0.0046</UnitOfMeasurePrice><AllowDiscount>1</AllowDiscount><ItemStatus>1</ItemStatus><ItemPrice>6.90</ItemPrice></item><item><PriceUpdateDate>2014-12-01 06:28:53</PriceUpdateDate><ItemCode>7290011081188</ItemCode><ItemType>1</ItemType><ItemName>קסטה גלידה חצי טעם ש</ItemName><ManufacturerName>שטראוס גלידה</ManufacturerName><ManufactureCountry>ישראל</ManufactureCountry><ManufacturerItemDescription>קסטה שוקו וניל בציפוי שוק</ManufacturerItemDescription><SoldByWeight/><Quantity>0.00</Quantity><UnitOfMeasure>יח'</UnitOfMeasure><QtyInPackage>לא ידוע</QtyInPackage><UnitOfMeasurePrice>0.0000</UnitOfMeasurePrice><AllowDiscount>1</AllowDiscount><ItemStatus>1</ItemStatus><ItemPrice>7.20</ItemPrice></item><item><PriceUpdateDate>2014-12-01 06:28:53</PriceUpdateDate><ItemCode>7290011081393</ItemCode><ItemType>1</ItemType><ItemName>ננסים קרחון</ItemName><ManufacturerName>שטראוס גלידה</ManufacturerName><ManufactureCountry>ישראל</ManufactureCountry><ManufacturerItemDescription>קרחונים ננסים בשקית 5 יח</ManufacturerItemDescription><SoldByWeight/><Quantity>0.00</Quantity><UnitOfMeasure>יח'</UnitOfMeasure><QtyInPackage>לא ידוע</QtyInPackage><UnitOfMeasurePrice>0.0000</UnitOfMeasurePrice><AllowDiscount>1</AllowDiscount><ItemStatus>1</ItemStatus><ItemPrice>8.70</ItemPrice></item><item><PriceUpdateDate>2016-03-29 07:28:41</PriceUpdateDate><ItemCode>7290011081492</ItemCode><ItemType>1</ItemType><ItemName>מב גלידות קרמיסימו ש</ItemName><ManufacturerName>קרמיסימו</ManufacturerName><ManufactureCountry>ישראל</ManufactureCountry><ManufacturerItemDescription>קרמיסימו שלושה שוקולדים</ManufacturerItemDescription><SoldByWeight/><Quantity>1330.00</Quantity><UnitOfMeasure>מ"ל</UnitOfMeasure><QtyInPackage>לא ידוע</QtyInPackage><UnitOfMeasurePrice>0.0142</UnitOfMeasurePrice><AllowDiscount>1</AllowDiscount><ItemStatus>1</ItemStatus><ItemPrice>18.90</ItemPrice></item><item><PriceUpdateDate>2016-03-29 07:28:41</PriceUpdateDate><ItemCode>7290011081690</ItemCode><ItemType>1</ItemType><ItemName>מב גלידות קרמיסימו ו</ItemName><ManufacturerName>קרמיסימו</ManufacturerName><ManufactureCountry>ישראל</ManufactureCountry><ManufacturerItemDescription>מב גלידות קרמיסימו ו</ManufacturerItemDescription><SoldByWeight/><Quantity>1330.00</Quantity><UnitOfMeasure>מ"ל</UnitOfMeasure><QtyInPackage>לא ידוע</QtyInPackage><UnitOfMeasurePrice>0.0142</UnitOfMeasurePrice><AllowDiscount>1</AllowDiscount><ItemStatus>1</ItemStatus><ItemPrice>18.90</ItemPrice></item><item><PriceUpdateDate>2016-02-02 05:56:12</PriceUpdateDate><ItemCode>7290011115265</ItemCode><ItemType>1</ItemType><ItemName>מב סבון מוצק נקה-7 ל</ItemName><ManufacturerName>נקה 7</ManufacturerName><ManufactureCountry>ישראל</ManufactureCountry><ManufacturerItemDescription>מב סבון מוצק נקה-7 ל</ManufacturerItemDescription><SoldByWeight/><Quantity>400.00</Quantity><UnitOfMeasure>גרם     </UnitOfMeasure><QtyInPackage>לא ידוע</QtyInPackage><UnitOfMeasurePrice>0.0298</UnitOfMeasurePrice><AllowDiscount>1</AllowDiscount><ItemStatus>1</ItemStatus><ItemPrice>11.90</ItemPrice></item><item><PriceUpdateDate>2016-03-29 07:11:04</PriceUpdateDate><ItemCode>7290011126230</ItemCode><ItemType>1</ItemType><ItemName>תפוח ודבש 'הגן הקסום</ItemName><ManufacturerName>גן הקסום</ManufacturerName><ManufactureCountry>ישראל</ManufactureCountry><ManufacturerItemDescription>תפוח ודבש 'הגן הקסום</ManufacturerItemDescription><SoldByWeight/><Quantity>14.00</Quantity><UnitOfMeasure>גרם     </UnitOfMeasure><QtyInPackage>לא ידוע</QtyInPackage><UnitOfMeasurePrice>1.4500</UnitOfMeasurePrice><AllowDiscount>1</AllowDiscount><ItemStatus>1</ItemStatus><ItemPrice>20.30</ItemPrice></item><item><PriceUpdateDate>2015-11-13 10:56:34</PriceUpdateDate><ItemCode>7290011194246</ItemCode><ItemType>1</ItemType><ItemName>קוטג' 5% 250 גרם שטר</ItemName><ManufacturerName>קוטג שטראוס</ManufacturerName><ManufactureCountry>ישראל</ManufactureCountry><ManufacturerItemDescription>קוטג+5% סידן 250 גרם</ManufacturerItemDescription><SoldByWeight/><Quantity>250.00</Quantity><UnitOfMeasure>גרם     </UnitOfMeasure><QtyInPackage>לא ידוע</QtyInPackage><UnitOfMeasurePrice>0.0236</UnitOfMeasurePrice><AllowDiscount>1</AllowDiscount><ItemStatus>1</ItemStatus><ItemPrice>5.90</ItemPrice></item><item><PriceUpdateDate>2015-12-28 12:32:12</PriceUpdateDate><ItemCode>7290011194291</ItemCode><ItemType>1</ItemType><ItemName>דנונה קפוצינו 0% 150</ItemName><ManufacturerName>דנונה</ManufacturerName><ManufactureCountry>ישראל</ManufactureCountry><ManufacturerItemDescription>דנונה קפוצינו 0% 150</ManufacturerItemDescription><SoldByWeight/><Quantity>150.00</Quantity><UnitOfMeasure>גרם     </UnitOfMeasure><QtyInPackage>לא ידוע</QtyInPackage><UnitOfMeasurePrice>0.0333</UnitOfMeasurePrice><AllowDiscount>1</AllowDiscount><ItemStatus>1</ItemStatus><ItemPrice>5.00</ItemPrice></item><item><PriceUpdateDate>2014-12-01 06:29:38</PriceUpdateDate><ItemCode>7290011240875</ItemCode><ItemType>1</ItemType><ItemName>מיץ ענבים תירוש 187</ItemName><ManufacturerName>לא ממותג</ManufacturerName><ManufactureCountry>ישראל</ManufactureCountry><ManufacturerItemDescription>מיץ ענבים תירוש 187</ManufacturerItemDescription><SoldByWeight/><Quantity>187.00</Quantity><UnitOfMeasure>מ"ל</UnitOfMeasure><QtyInPackage>לא ידוע</QtyInPackage><UnitOfMeasurePrice>0.0374</UnitOfMeasurePrice><AllowDiscount>1</AllowDiscount><ItemStatus>1</ItemStatus><ItemPrice>7.00</ItemPrice></item><item><PriceUpdateDate>2014-12-01 06:28:31</PriceUpdateDate><ItemCode>7290011254025</ItemCode><ItemType>1</ItemType><ItemName>דוחן 500 גרם</ItemName><ManufacturerName>מיה</ManufacturerName><ManufactureCountry>ישראל</ManufactureCountry><ManufacturerItemDescription>דוחן 500 גרם</ManufacturerItemDescription><SoldByWeight/><Quantity>500.00</Quantity><UnitOfMeasure>גרם     </UnitOfMeasure><QtyInPackage>לא ידוע</QtyInPackage><UnitOfMeasurePrice>0.0194</UnitOfMeasurePrice><AllowDiscount>1</AllowDiscount><ItemStatus>1</ItemStatus><ItemPrice>9.70</ItemPrice></item><item><PriceUpdateDate>2015-10-21 09:13:10</PriceUpdateDate><ItemCode>7290011254032</ItemCode><ItemType>1</ItemType><ItemName>קינואה 500 גרם</ItemName><ManufacturerName>מיה</ManufacturerName><ManufactureCountry>ישראל</ManufactureCountry><ManufacturerItemDescription>קינואה 500 גרם</ManufacturerItemDescription><SoldByWeight/><Quantity>500.00</Quantity><UnitOfMeasure>גרם     </UnitOfMeasure><QtyInPackage>לא ידוע</QtyInPackage><UnitOfMeasurePrice>0.0378</UnitOfMeasurePrice><AllowDiscount>1</AllowDiscount><ItemStatus>1</ItemStatus><ItemPrice>18.90</ItemPrice></item><item><PriceUpdateDate>2015-11-02 17:20:33</PriceUpdateDate><ItemCode>7290011254100</ItemCode><ItemType>1</ItemType><ItemName>כורכום 80 גרם בשקית</ItemName><ManufacturerName>מיה</ManufacturerName><ManufactureCountry>ישראל</ManufactureCountry><ManufacturerItemDescription>כורכום 80 גרם בשקית</ManufacturerItemDescription><SoldByWeight/><Quantity>80.00</Quantity><UnitOfMeasure>גרם     </UnitOfMeasure><QtyInPackage>לא ידוע</QtyInPackage><UnitOfMeasurePrice>0.0688</UnitOfMeasurePrice><AllowDiscount>1</AllowDiscount><ItemStatus>1</ItemStatus><ItemPrice>5.50</ItemPrice></item><item><PriceUpdateDate>2015-11-15 20:35:29</PriceUpdateDate><ItemCode>7290011254452</ItemCode><ItemType>1</ItemType><ItemName>סוכריות ללא סוכר מנט</ItemName><ManufacturerName>מיה</ManufacturerName><ManufactureCountry>ישראל</ManufactureCountry><ManufacturerItemDescription>סוכריות ללא סוכר מנט</ManufacturerItemDescription><SoldByWeight/><Quantity>80.00</Quantity><UnitOfMeasure>גרם     </UnitOfMeasure><QtyInPackage>לא ידוע</QtyInPackage><UnitOfMeasurePrice>0.1137</UnitOfMeasurePrice><AllowDiscount>1</AllowDiscount><ItemStatus>1</ItemStatus><ItemPrice>9.10</ItemPrice></item><item><PriceUpdateDate>2015-11-12 07:14:23</PriceUpdateDate><ItemCode>7290011254803</ItemCode><ItemType>1</ItemType><ItemName>סוכריות גלי טבעות פר</ItemName><ManufacturerName>מיה</ManufacturerName><ManufactureCountry>ישראל</ManufactureCountry><ManufacturerItemDescription>סוכריות גלי טבעות פר</ManufacturerItemDescription><SoldByWeight/><Quantity>125.00</Quantity><UnitOfMeasure>גרם     </UnitOfMeasure><QtyInPackage>לא ידוע</QtyInPackage><UnitOfMeasurePrice>0.0624</UnitOfMeasurePrice><AllowDiscount>1</AllowDiscount><ItemStatus>1</ItemStatus><ItemPrice>7.80</ItemPrice></item><item><PriceUpdateDate>2015-11-12 07:14:23</PriceUpdateDate><ItemCode>7290011254827</ItemCode><ItemType>1</ItemType><ItemName>סוכריות גלי פירות גד</ItemName><ManufacturerName>לא ממותג</ManufacturerName><ManufactureCountry>ישראל</ManufactureCountry><ManufacturerItemDescription>סוכריות גלי פירות גד</ManufacturerItemDescription><SoldByWeight/><Quantity>150.00</Quantity><UnitOfMeasure>גרם     </UnitOfMeasure><QtyInPackage>לא ידוע</QtyInPackage><UnitOfMeasurePrice>0.0520</UnitOfMeasurePrice><AllowDiscount>1</AllowDiscount><ItemStatus>1</ItemStatus><ItemPrice>7.80</ItemPrice></item><item><PriceUpdateDate>2015-11-12 07:14:23</PriceUpdateDate><ItemCode>7290011254841</ItemCode><ItemType>1</ItemType><ItemName>סוכריות גלי חמוצמוצי</ItemName><ManufacturerName>לא ממותג</ManufacturerName><ManufactureCountry>ישראל</ManufactureCountry><ManufacturerItemDescription>סוכריות גלי חמוצמוצי</ManufacturerItemDescription><SoldByWeight/><Quantity>125.00</Quantity><UnitOfMeasure>גרם     </UnitOfMeasure><QtyInPackage>לא ידוע</QtyInPackage><UnitOfMeasurePrice>0.0624</UnitOfMeasurePrice><AllowDiscount>1</AllowDiscount><ItemStatus>1</ItemStatus><ItemPrice>7.80</ItemPrice></item><item><PriceUpdateDate>2015-11-12 07:14:23</PriceUpdateDate><ItemCode>7290011254858</ItemCode><ItemType>1</ItemType><ItemName>סוכריות ג'לי בג'ונגל</ItemName><ManufacturerName>מיה</ManufacturerName><ManufactureCountry>ישראל</ManufactureCountry><ManufacturerItemDescription>סוכריות ג'לי בג'ונגל</ManufacturerItemDescription><SoldByWeight/><Quantity>125.00</Quantity><UnitOfMeasure>גרם     </UnitOfMeasure><QtyInPackage>לא ידוע</QtyInPackage><UnitOfMeasurePrice>0.0624</UnitOfMeasurePrice><AllowDiscount>1</AllowDiscount><ItemStatus>1</ItemStatus><ItemPrice>7.80</ItemPrice></item><item><PriceUpdateDate>2015-11-15 20:35:29</PriceUpdateDate><ItemCode>7290011282387</ItemCode><ItemType>1</ItemType><ItemName>נוזל אסלות 1 ליטר המ</ItemName><ManufacturerName>"המותג"</ManufacturerName><ManufactureCountry>ישראל</ManufactureCountry><ManufacturerItemDescription>נוזל אסלות 1 ליטר המ</ManufacturerItemDescription><SoldByWeight/><Quantity>1000.00</Quantity><UnitOfMeasure>מ"ל</UnitOfMeasure><QtyInPackage>לא ידוע</QtyInPackage><UnitOfMeasurePrice>0.0064</UnitOfMeasurePrice><AllowDiscount>1</AllowDiscount><ItemStatus>1</ItemStatus><ItemPrice>6.40</ItemPrice></item><item><PriceUpdateDate>2016-05-01 12:08:08</PriceUpdateDate><ItemCode>7290011308117</ItemCode><ItemType>1</ItemType><ItemName>קרקר 6 דגנים 200 גרם</ItemName><ManufacturerName>קרקר ב&amp;ב</ManufacturerName><ManufactureCountry>ישראל</ManufactureCountry><ManufacturerItemDescription>קרקר 6 דגנים</ManufacturerItemDescription><SoldByWeight/><Quantity>200.00</Quantity><UnitOfMeasure>גרם     </UnitOfMeasure><QtyInPackage>לא ידוע</QtyInPackage><UnitOfMeasurePrice>0.0445</UnitOfMeasurePrice><AllowDiscount>1</AllowDiscount><ItemStatus>1</ItemStatus><ItemPrice>9.50</ItemPrice></item><item><PriceUpdateDate>2016-05-01 12:08:10</PriceUpdateDate><ItemCode>7290011378233</ItemCode><ItemType>1</ItemType><ItemName>מאגדת חטיפי חלבה וני</ItemName><ManufacturerName>בארכה</ManufacturerName><ManufactureCountry>ישראל</ManufactureCountry><ManufacturerItemDescription>מאגדת חטיפי חלבה וני</ManufacturerItemDescription><SoldByWeight/><Quantity>126.00</Quantity><UnitOfMeasure>גרם     </UnitOfMeasure><QtyInPackage>לא ידוע</QtyInPackage><UnitOfMeasurePrice>0.1103</UnitOfMeasurePrice><AllowDiscount>1</AllowDiscount><ItemStatus>1</ItemStatus><ItemPrice>13.90</ItemPrice></item><item><PriceUpdateDate>2016-05-01 12:08:10</PriceUpdateDate><ItemCode>7290011378776</ItemCode><ItemType>1</ItemType><ItemName>מאגדת 6 יחידות חטיף</ItemName><ManufacturerName>בארכה</ManufacturerName><ManufactureCountry>ישראל</ManufactureCountry><ManufacturerItemDescription>מאגדת חטיף חלבה פיסטוק</ManufacturerItemDescription><SoldByWeight/><Quantity>120.00</Quantity><UnitOfMeasure>גרם     </UnitOfMeasure><QtyInPackage>לא ידוע</QtyInPackage><UnitOfMeasurePrice>0.1158</UnitOfMeasurePrice><AllowDiscount>1</AllowDiscount><ItemStatus>1</ItemStatus><ItemPrice>13.90</ItemPrice></item><item><PriceUpdateDate>2016-05-01 12:08:10</PriceUpdateDate><ItemCode>7290011378950</ItemCode><ItemType>1</ItemType><ItemName>מאגדת 6 יחידות חטיף</ItemName><ManufacturerName>בארכה</ManufacturerName><ManufactureCountry>ישראל</ManufactureCountry><ManufacturerItemDescription>מאגדת חטיף חלבה וניל עם פ</ManufacturerItemDescription><SoldByWeight/><Quantity>120.00</Quantity><UnitOfMeasure>גרם     </UnitOfMeasure><QtyInPackage>לא ידוע</QtyInPackage><UnitOfMeasurePrice>0.1158</UnitOfMeasurePrice><AllowDiscount>1</AllowDiscount><ItemStatus>1</ItemStatus><ItemPrice>13.90</ItemPrice></item><item><PriceUpdateDate>2016-05-01 12:08:10</PriceUpdateDate><ItemCode>7290011435349</ItemCode><ItemType>1</ItemType><ItemName>מעדן תפוז 100% פרי 2</ItemName><ManufacturerName>יד מרדכי</ManufacturerName><ManufactureCountry>ישראל</ManufactureCountry><ManufacturerItemDescription>מעדן תפוז 100% פרי 250 גר</ManufacturerItemDescription><SoldByWeight/><Quantity>250.00</Quantity><UnitOfMeasure>גרם     </UnitOfMeasure><QtyInPackage>לא ידוע</QtyInPackage><UnitOfMeasurePrice>0.0652</UnitOfMeasurePrice><AllowDiscount>1</AllowDiscount><ItemStatus>1</ItemStatus><ItemPrice>16.30</ItemPrice></item><item><PriceUpdateDate>2015-10-22 08:37:08</PriceUpdateDate><ItemCode>7290011438470</ItemCode><ItemType>1</ItemType><ItemName>מילקשייק שוקו עם סיר</ItemName><ManufacturerName>יטבתה</ManufacturerName><ManufactureCountry>ישראל</ManufactureCountry><ManufacturerItemDescription>מילקשייק שוקו סירופ שוקול</ManufacturerItemDescription><SoldByWeight/><Quantity>350.00</Quantity><UnitOfMeasure>מ"ל</UnitOfMeasure><QtyInPackage>לא ידוע</QtyInPackage><UnitOfMeasurePrice>0.0203</UnitOfMeasurePrice><AllowDiscount>1</AllowDiscount><ItemStatus>1</ItemStatus><ItemPrice>7.10</ItemPrice></item><item><PriceUpdateDate>2015-10-22 08:37:08</PriceUpdateDate><ItemCode>7290011438487</ItemCode><ItemType>1</ItemType><ItemName>מילקשייק וניל עם סיר</ItemName><ManufacturerName>יטבתה</ManufacturerName><ManufactureCountry>ישראל</ManufactureCountry><ManufacturerItemDescription>מילקשייק וניל עם סיר</ManufacturerItemDescription><SoldByWeight/><Quantity>350.00</Quantity><UnitOfMeasure>מ"ל</UnitOfMeasure><QtyInPackage>לא ידוע</QtyInPackage><UnitOfMeasurePrice>0.0203</UnitOfMeasurePrice><AllowDiscount>1</AllowDiscount><ItemStatus>1</ItemStatus><ItemPrice>7.10</ItemPrice></item><item><PriceUpdateDate>2015-11-13 10:56:50</PriceUpdateDate><ItemCode>7290011438517</ItemCode><ItemType>1</ItemType><ItemName>שוקו בבקבוק מארז 8 *</ItemName><ManufacturerName>יטבתה</ManufacturerName><ManufactureCountry>ישראל</ManufactureCountry><ManufacturerItemDescription>מארז שוקו בבקבוק עם פקק 8</ManufacturerItemDescription><SoldByWeight/><Quantity>1200.00</Quantity><UnitOfMeasure>מ"ל</UnitOfMeasure><QtyInPackage>לא ידוע</QtyInPackage><UnitOfMeasurePrice>0.0173</UnitOfMeasurePrice><AllowDiscount>1</AllowDiscount><ItemStatus>1</ItemStatus><ItemPrice>20.80</ItemPrice></item><item><PriceUpdateDate>2016-03-16 14:00:30</PriceUpdateDate><ItemCode>7290011447281</ItemCode><ItemType>1</ItemType><ItemName>מטרנה חלבי שלב 2 700</ItemName><ManufacturerName>מטרנה</ManufacturerName><ManufactureCountry>ישראל</ManufactureCountry><ManufacturerItemDescription>מטרנה חלבי שלב 2 700</ManufacturerItemDescription><SoldByWeight/><Quantity>700.00</Quantity><UnitOfMeasure>גרם     </UnitOfMeasure><QtyInPackage>לא ידוע</QtyInPackage><UnitOfMeasurePrice>0.0756</UnitOfMeasurePrice><AllowDiscount>1</AllowDiscount><ItemStatus>1</ItemStatus><ItemPrice>52.90</ItemPrice></item><item><PriceUpdateDate>2016-03-16 14:00:30</PriceUpdateDate><ItemCode>7290011447304</ItemCode><ItemType>1</ItemType><ItemName>מטרנה חלבי שלב 3 700</ItemName><ManufacturerName>מטרנה</ManufacturerName><ManufactureCountry>ישראל</ManufactureCountry><ManufacturerItemDescription>מטרנה חלבי שלב 3 700</ManufacturerItemDescription><SoldByWeight/><Quantity>700.00</Quantity><UnitOfMeasure>גרם     </UnitOfMeasure><QtyInPackage>לא ידוע</QtyInPackage><UnitOfMeasurePrice>0.0756</UnitOfMeasurePrice><AllowDiscount>1</AllowDiscount><ItemStatus>1</ItemStatus><ItemPrice>52.90</ItemPrice></item><item><PriceUpdateDate>2015-11-12 09:08:10</PriceUpdateDate><ItemCode>7290011459031</ItemCode><ItemType>1</ItemType><ItemName>נופר אטבים כחול לבן</ItemName><ManufacturerName>לא ממותג</ManufacturerName><ManufactureCountry>ישראל</ManufactureCountry><ManufacturerItemDescription>נופר אטבים כחול לבן</ManufacturerItemDescription><SoldByWeight/><Quantity>1.00</Quantity><UnitOfMeasure>0</UnitOfMeasure><QtyInPackage>לא ידוע</QtyInPackage><UnitOfMeasurePrice>6.1000</UnitOfMeasurePrice><AllowDiscount>1</AllowDiscount><ItemStatus>1</ItemStatus><ItemPrice>6.10</ItemPrice></item><item><PriceUpdateDate>2014-12-01 06:29:22</PriceUpdateDate><ItemCode>7290011459109</ItemCode><ItemType>1</ItemType><ItemName>מטאטא צבעוני + מקל מ</ItemName><ManufacturerName>לא ממותג</ManufacturerName><ManufactureCountry>ישראל</ManufactureCountry><ManufacturerItemDescription>מטאטא צבעוני + מקל מ</ManufacturerItemDescription><SoldByWeight/><Quantity>1.00</Quantity><UnitOfMeasure>0</UnitOfMeasure><QtyInPackage>לא ידוע</QtyInPackage><UnitOfMeasurePrice>16.9000</UnitOfMeasurePrice><AllowDiscount>1</AllowDiscount><ItemStatus>1</ItemStatus><ItemPrice>16.90</ItemPrice></item><item><PriceUpdateDate>2016-05-01 10:27:57</PriceUpdateDate><ItemCode>7290011468002</ItemCode><ItemType>1</ItemType><ItemName>מב טחינה הנסיך 500 ג</ItemName><ManufacturerName>הנסיך</ManufacturerName><ManufactureCountry>ישראל</ManufactureCountry><ManufacturerItemDescription>טחינה הנסיך 100% טהור 500</ManufacturerItemDescription><SoldByWeight/><Quantity>500.00</Quantity><UnitOfMeasure>גרם     </UnitOfMeasure><QtyInPackage>לא ידוע</QtyInPackage><UnitOfMeasurePrice>0.0238</UnitOfMeasurePrice><AllowDiscount>1</AllowDiscount><ItemStatus>1</ItemStatus><ItemPrice>11.90</ItemPrice></item><item><PriceUpdateDate>2016-05-01 10:27:57</PriceUpdateDate><ItemCode>7290011468026</ItemCode><ItemType>1</ItemType><ItemName>מב טחינה הנסיך שומשו</ItemName><ManufacturerName>הנסיך</ManufacturerName><ManufactureCountry>ישראל</ManufactureCountry><ManufacturerItemDescription>טחינה הנסיך שומשום מלא 50</ManufacturerItemDescription><SoldByWeight/><Quantity>500.00</Quantity><UnitOfMeasure>גרם     </UnitOfMeasure><QtyInPackage>לא ידוע</QtyInPackage><UnitOfMeasurePrice>0.0238</UnitOfMeasurePrice><AllowDiscount>1</AllowDiscount><ItemStatus>1</ItemStatus><ItemPrice>11.90</ItemPrice></item><item><PriceUpdateDate>2016-03-29 07:11:05</PriceUpdateDate><ItemCode>7290011499105</ItemCode><ItemType>1</ItemType><ItemName>גבינה בולגרית 5% 250</ItemName><ManufacturerName>גד</ManufacturerName><ManufactureCountry>ישראל</ManufactureCountry><ManufacturerItemDescription>גבינה בולגרית 250 5% גרם</ManufacturerItemDescription><SoldByWeight/><Quantity>250.00</Quantity><UnitOfMeasure>גרם     </UnitOfMeasure><QtyInPackage>לא ידוע</QtyInPackage><UnitOfMeasurePrice>0.0996</UnitOfMeasurePrice><AllowDiscount>0</AllowDiscount><ItemStatus>1</ItemStatus><ItemPrice>24.90</ItemPrice></item><item><PriceUpdateDate>2016-01-04 21:30:53</PriceUpdateDate><ItemCode>7290011499129</ItemCode><ItemType>1</ItemType><ItemName>גבינה בולגרית קוביות</ItemName><ManufacturerName>גד</ManufacturerName><ManufactureCountry>ישראל</ManufactureCountry><ManufacturerItemDescription>גבינה בולגרית קוביות 5% מ</ManufacturerItemDescription><SoldByWeight/><Quantity>200.00</Quantity><UnitOfMeasure>גרם     </UnitOfMeasure><QtyInPackage>לא ידוע</QtyInPackage><UnitOfMeasurePrice>0.1235</UnitOfMeasurePrice><AllowDiscount>1</AllowDiscount><ItemStatus>1</ItemStatus><ItemPrice>24.70</ItemPrice></item><item><PriceUpdateDate>2016-03-29 07:11:05</PriceUpdateDate><ItemCode>7290011499327</ItemCode><ItemType>1</ItemType><ItemName>גבינה בולגרית בקר מע</ItemName><ManufacturerName>גד</ManufacturerName><ManufactureCountry>ישראל</ManufactureCountry><ManufacturerItemDescription>גבינה בולגרית מעודנת 250</ManufacturerItemDescription><SoldByWeight/><Quantity>250.00</Quantity><UnitOfMeasure>גרם     </UnitOfMeasure><QtyInPackage>לא ידוע</QtyInPackage><UnitOfMeasurePrice>0.1028</UnitOfMeasurePrice><AllowDiscount>1</AllowDiscount><ItemStatus>1</ItemStatus><ItemPrice>25.70</ItemPrice></item><item><PriceUpdateDate>2016-03-29 07:28:42</PriceUpdateDate><ItemCode>7290011499433</ItemCode><ItemType>1</ItemType><ItemName>מב גבינת שמנת זיתים</ItemName><ManufacturerName>גד</ManufacturerName><ManufactureCountry>ישראל</ManufactureCountry><ManufacturerItemDescription>גבינה שמנת 5% זיתים 200 ג</ManufacturerItemDescription><SoldByWeight/><Quantity>200.00</Quantity><UnitOfMeasure>גרם     </UnitOfMeasure><QtyInPackage>לא ידוע</QtyInPackage><UnitOfMeasurePrice>0.0445</UnitOfMeasurePrice><AllowDiscount>1</AllowDiscount><ItemStatus>1</ItemStatus><ItemPrice>8.90</ItemPrice></item><item><PriceUpdateDate>2016-03-01 06:44:54</PriceUpdateDate><ItemCode>7290011501037</ItemCode><ItemType>1</ItemType><ItemName>צימוק חום 400 גרם המ</ItemName><ManufacturerName>"המותג"</ManufacturerName><ManufactureCountry>לא ידוע</ManufactureCountry><ManufacturerItemDescription>צימוק חום 400 גרם המ</ManufacturerItemDescription><SoldByWeight/><Quantity>400.00</Quantity><UnitOfMeasure>גרם     </UnitOfMeasure><QtyInPackage>לא ידוע</QtyInPackage><UnitOfMeasurePrice>0.0298</UnitOfMeasurePrice><AllowDiscount>1</AllowDiscount><ItemStatus>1</ItemStatus><ItemPrice>11.90</ItemPrice></item><item><PriceUpdateDate>2016-03-01 07:14:36</PriceUpdateDate><ItemCode>7290011501082</ItemCode><ItemType>1</ItemType><ItemName>תמר מג'הול 400 גרם ה</ItemName><ManufacturerName>"המותג"</ManufacturerName><ManufactureCountry>לא ידוע</ManufactureCountry><ManufacturerItemDescription>תמר מג'הול 400 גרם ה</ManufacturerItemDescription><SoldByWeight/><Quantity>400.00</Quantity><UnitOfMeasure>גרם     </UnitOfMeasure><QtyInPackage>לא ידוע</QtyInPackage><UnitOfMeasurePrice>0.0348</UnitOfMeasurePrice><AllowDiscount>1</AllowDiscount><ItemStatus>1</ItemStatus><ItemPrice>13.90</ItemPrice></item><item><PriceUpdateDate>2015-08-31 09:42:10</PriceUpdateDate><ItemCode>7290011501150</ItemCode><ItemType>1</ItemType><ItemName>שקד טבעי 200 גרם המו</ItemName><ManufacturerName>"המותג"</ManufacturerName><ManufactureCountry>לא ידוע</ManufactureCountry><ManufacturerItemDescription>שקד טבעי 200 גרם המו</ManufacturerItemDescription><SoldByWeight/><Quantity>200.00</Quantity><UnitOfMeasure>גרם     </UnitOfMeasure><QtyInPackage>לא ידוע</QtyInPackage><UnitOfMeasurePrice>0.0945</UnitOfMeasurePrice><AllowDiscount>1</AllowDiscount><ItemStatus>1</ItemStatus><ItemPrice>18.90</ItemPrice></item><item><PriceUpdateDate>2015-12-17 11:43:06</PriceUpdateDate><ItemCode>7290011518561</ItemCode><ItemType>1</ItemType><ItemName>מארז אקטימל תות 14 י</ItemName><ManufacturerName>אקטימל</ManufacturerName><ManufactureCountry>ישראל</ManufactureCountry><ManufacturerItemDescription>מארז אקטימל תות 14 י</ManufacturerItemDescription><SoldByWeight/><Quantity>1480.00</Quantity><UnitOfMeasure>מ"ל</UnitOfMeasure><QtyInPackage>לא ידוע</QtyInPackage><UnitOfMeasurePrice>0.0216</UnitOfMeasurePrice><AllowDiscount>1</AllowDiscount><ItemStatus>1</ItemStatus><ItemPrice>31.90</ItemPrice></item><item><PriceUpdateDate>2015-11-15 20:35:29</PriceUpdateDate><ItemCode>7290011524135</ItemCode><ItemType>1</ItemType><ItemName>ריבה תות ויטה 680 גר</ItemName><ManufacturerName>ויטה</ManufacturerName><ManufactureCountry>ישראל</ManufactureCountry><ManufacturerItemDescription>ריבה תות ויטה 680 גר</ManufacturerItemDescription><SoldByWeight/><Quantity>680.00</Quantity><UnitOfMeasure>גרם     </UnitOfMeasure><QtyInPackage>לא ידוע</QtyInPackage><UnitOfMeasurePrice>0.0135</UnitOfMeasurePrice><AllowDiscount>1</AllowDiscount><ItemStatus>1</ItemStatus><ItemPrice>9.20</ItemPrice></item><item><PriceUpdateDate>2016-04-14 07:20:41</PriceUpdateDate><ItemCode>7290011524722</ItemCode><ItemType>1</ItemType><ItemName>סטייק צ'יפס 2 ק"ג</ItemName><ManufacturerName>"המותג"</ManufacturerName><ManufactureCountry>ישראל</ManufactureCountry><ManufacturerItemDescription>סטייק צ'יפס 2 ק"ג</ManufacturerItemDescription><SoldByWeight/><Quantity>2000.00</Quantity><UnitOfMeasure>גרם     </UnitOfMeasure><QtyInPackage>לא ידוע</QtyInPackage><UnitOfMeasurePrice>0.0109</UnitOfMeasurePrice><AllowDiscount>1</AllowDiscount><ItemStatus>1</ItemStatus><ItemPrice>21.90</ItemPrice></item><item><PriceUpdateDate>2014-12-01 06:29:04</PriceUpdateDate><ItemCode>7290011587857</ItemCode><ItemType>1</ItemType><ItemName>עגבניות מיובשות 250</ItemName><ManufacturerName>תומר</ManufacturerName><ManufactureCountry>ישראל</ManufactureCountry><ManufacturerItemDescription>עגבניות מיובשות 250</ManufacturerItemDescription><SoldByWeight/><Quantity>250.00</Quantity><UnitOfMeasure>גרם     </UnitOfMeasure><QtyInPackage>לא ידוע</QtyInPackage><UnitOfMeasurePrice>0.0444</UnitOfMeasurePrice><AllowDiscount>1</AllowDiscount><ItemStatus>1</ItemStatus><ItemPrice>11.10</ItemPrice></item><item><PriceUpdateDate>2015-11-12 14:52:19</PriceUpdateDate><ItemCode>7290011593087</ItemCode><ItemType>1</ItemType><ItemName>שמן זית כתית מעולה 7</ItemName><ManufacturerName>לא ממותג</ManufacturerName><ManufactureCountry>ישראל</ManufactureCountry><ManufacturerItemDescription>שמן זית כתית מעולה 750 מל</ManufacturerItemDescription><SoldByWeight/><Quantity>690.00</Quantity><UnitOfMeasure>גרם     </UnitOfMeasure><QtyInPackage>לא ידוע</QtyInPackage><UnitOfMeasurePrice>0.0546</UnitOfMeasurePrice><AllowDiscount>1</AllowDiscount><ItemStatus>1</ItemStatus><ItemPrice>37.70</ItemPrice></item><item><PriceUpdateDate>2016-05-01 10:28:02</PriceUpdateDate><ItemCode>7290011598211</ItemCode><ItemType>1</ItemType><ItemName>סנו אנטי קאלק 4 באחד</ItemName><ManufacturerName>אנטי קאלק</ManufacturerName><ManufactureCountry>ישראל</ManufactureCountry><ManufacturerItemDescription>מנקה כללי אנטיקאלק 700 מל</ManufacturerItemDescription><SoldByWeight/><Quantity>750.00</Quantity><UnitOfMeasure>מ"ל</UnitOfMeasure><QtyInPackage>לא ידוע</QtyInPackage><UnitOfMeasurePrice>0.0212</UnitOfMeasurePrice><AllowDiscount>1</AllowDiscount><ItemStatus>1</ItemStatus><ItemPrice>15.90</ItemPrice></item><item><PriceUpdateDate>2016-03-01 07:13:36</PriceUpdateDate><ItemCode>7290011765095</ItemCode><ItemType>1</ItemType><ItemName>גל גילוח קרמה דליקט</ItemName><ManufacturerName>קרמה</ManufacturerName><ManufactureCountry>ישראל</ManufactureCountry><ManufacturerItemDescription>גל גילוח קרמה דליקט</ManufacturerItemDescription><SoldByWeight/><Quantity>200.00</Quantity><UnitOfMeasure>מ"ל</UnitOfMeasure><QtyInPackage>לא ידוע</QtyInPackage><UnitOfMeasurePrice>0.0895</UnitOfMeasurePrice><AllowDiscount>1</AllowDiscount><ItemStatus>1</ItemStatus><ItemPrice>17.90</ItemPrice></item><item><PriceUpdateDate>2015-11-15 20:35:30</PriceUpdateDate><ItemCode>7290011765446</ItemCode><ItemType>1</ItemType><ItemName>משחת שיניים אורביטול</ItemName><ManufacturerName>אורביטול</ManufacturerName><ManufactureCountry>ישראל</ManufactureCountry><ManufacturerItemDescription>אורביטול מש.שיניים בוב ספ</ManufacturerItemDescription><SoldByWeight/><Quantity>14.00</Quantity><UnitOfMeasure>מ"ל</UnitOfMeasure><QtyInPackage>לא ידוע</QtyInPackage><UnitOfMeasurePrice>0.8571</UnitOfMeasurePrice><AllowDiscount>1</AllowDiscount><ItemStatus>1</ItemStatus><ItemPrice>12.00</ItemPrice></item><item><PriceUpdateDate>2016-03-29 07:11:05</PriceUpdateDate><ItemCode>7290011800642</ItemCode><ItemType>1</ItemType><ItemName>סלט מטבוחה רפי כהן 4</ItemName><ManufacturerName>צבר</ManufacturerName><ManufactureCountry>ישראל</ManufactureCountry><ManufacturerItemDescription>מטבוחה רפי</ManufacturerItemDescription><SoldByWeight/><Quantity>400.00</Quantity><UnitOfMeasure>גרם     </UnitOfMeasure><QtyInPackage>לא ידוע</QtyInPackage><UnitOfMeasurePrice>0.0413</UnitOfMeasurePrice><AllowDiscount>1</AllowDiscount><ItemStatus>1</ItemStatus><ItemPrice>16.50</ItemPrice></item><item><PriceUpdateDate>2016-03-29 07:11:05</PriceUpdateDate><ItemCode>7290011800826</ItemCode><ItemType>1</ItemType><ItemName>סלט חציל בטחינה רפי</ItemName><ManufacturerName>צבר</ManufacturerName><ManufactureCountry>ישראל</ManufactureCountry><ManufacturerItemDescription>חציל בטחינה רפי 400 גר</ManufacturerItemDescription><SoldByWeight/><Quantity>400.00</Quantity><UnitOfMeasure>גרם     </UnitOfMeasure><QtyInPackage>לא ידוע</QtyInPackage><UnitOfMeasurePrice>0.0413</UnitOfMeasurePrice><AllowDiscount>1</AllowDiscount><ItemStatus>1</ItemStatus><ItemPrice>16.50</ItemPrice></item><item><PriceUpdateDate>2016-03-29 07:11:05</PriceUpdateDate><ItemCode>7290011800840</ItemCode><ItemType>1</ItemType><ItemName>סלט טחינה לבנה רפי כ</ItemName><ManufacturerName>צבר</ManufacturerName><ManufactureCountry>ישראל</ManufactureCountry><ManufacturerItemDescription>טחינה לבנה רפי</ManufacturerItemDescription><SoldByWeight/><Quantity>400.00</Quantity><UnitOfMeasure>גרם     </UnitOfMeasure><QtyInPackage>לא ידוע</QtyInPackage><UnitOfMeasurePrice>0.0413</UnitOfMeasurePrice><AllowDiscount>1</AllowDiscount><ItemStatus>1</ItemStatus><ItemPrice>16.50</ItemPrice></item><item><PriceUpdateDate>2014-12-28 17:50:04</PriceUpdateDate><ItemCode>7290011860721</ItemCode><ItemType>1</ItemType><ItemName>תפו"א פלחים 700 גרם</ItemName><ManufacturerName>תפוגן</ManufacturerName><ManufactureCountry>ישראל</ManufactureCountry><ManufacturerItemDescription>תפו"א פלחים 700 גרם</ManufacturerItemDescription><SoldByWeight/><Quantity>700.00</Quantity><UnitOfMeasure>גרם     </UnitOfMeasure><QtyInPackage>לא ידוע</QtyInPackage><UnitOfMeasurePrice>0.0219</UnitOfMeasurePrice><AllowDiscount>1</AllowDiscount><ItemStatus>1</ItemStatus><ItemPrice>15.30</ItemPrice></item><item><PriceUpdateDate>2016-05-01 12:08:17</PriceUpdateDate><ItemCode>7290011876609</ItemCode><ItemType>1</ItemType><ItemName>שניצל דק פריך כשר לפ</ItemName><ManufacturerName>מאמא עוף קפוא</ManufacturerName><ManufactureCountry>ישראל</ManufactureCountry><ManufacturerItemDescription>שניצל דק דק פריך כשלפ 700</ManufacturerItemDescription><SoldByWeight/><Quantity>700.00</Quantity><UnitOfMeasure>גרם     </UnitOfMeasure><QtyInPackage>לא ידוע</QtyInPackage><UnitOfMeasurePrice>0.0570</UnitOfMeasurePrice><AllowDiscount>1</AllowDiscount><ItemStatus>1</ItemStatus><ItemPrice>39.90</ItemPrice></item><item><PriceUpdateDate>2015-11-15 20:35:31</PriceUpdateDate><ItemCode>7290011964658</ItemCode><ItemType>1</ItemType><ItemName>מלח לימון 170ג</ItemName><ManufacturerName>טעם וריח</ManufacturerName><ManufactureCountry>ישראל</ManufactureCountry><ManufacturerItemDescription>מלח לימון 170ג</ManufacturerItemDescription><SoldByWeight/><Quantity>170.00</Quantity><UnitOfMeasure>גרם     </UnitOfMeasure><QtyInPackage>לא ידוע</QtyInPackage><UnitOfMeasurePrice>0.0706</UnitOfMeasurePrice><AllowDiscount>1</AllowDiscount><ItemStatus>1</ItemStatus><ItemPrice>12.00</ItemPrice></item><item><PriceUpdateDate>2015-10-28 13:38:34</PriceUpdateDate><ItemCode>7290011969141</ItemCode><ItemType>1</ItemType><ItemName>מגבוני בד לחים לתינו</ItemName><ManufacturerName>לא ממותג</ManufacturerName><ManufactureCountry>ישראל</ManufactureCountry><ManufacturerItemDescription>מגבון בייבי בודד</ManufacturerItemDescription><SoldByWeight/><Quantity>1.00</Quantity><UnitOfMeasure>יח'</UnitOfMeasure><QtyInPackage>לא ידוע</QtyInPackage><UnitOfMeasurePrice>5.3000</UnitOfMeasurePrice><AllowDiscount>1</AllowDiscount><ItemStatus>1</ItemStatus><ItemPrice>5.30</ItemPrice></item><item><PriceUpdateDate>2016-03-29 07:28:42</PriceUpdateDate><ItemCode>7290012001994</ItemCode><ItemType>1</ItemType><ItemName>מב חרדל דיג'ון גרגיר</ItemName><ManufacturerName>לא ממותג</ManufacturerName><ManufactureCountry>צרפת</ManufactureCountry><ManufacturerItemDescription>חרדל דיגון גרעינים 350 גר</ManufacturerItemDescription><SoldByWeight/><Quantity>350.00</Quantity><UnitOfMeasure>גרם     </UnitOfMeasure><QtyInPackage>לא ידוע</QtyInPackage><UnitOfMeasurePrice>0.0283</UnitOfMeasurePrice><AllowDiscount>1</AllowDiscount><ItemStatus>1</ItemStatus><ItemPrice>9.90</ItemPrice></item><item><PriceUpdateDate>2016-03-29 07:28:42</PriceUpdateDate><ItemCode>7290012019258</ItemCode><ItemType>1</ItemType><ItemName>מב רסק תפו''ע 4 יח*1</ItemName><ManufacturerName>לא ממותג</ManufacturerName><ManufactureCountry>ארצות הברית</ManufactureCountry><ManufacturerItemDescription>דאודורנט רקסונה טלק 50 ג</ManufacturerItemDescription><SoldByWeight/><Quantity>452.00</Quantity><UnitOfMeasure>גרם     </UnitOfMeasure><QtyInPackage>לא ידוע</QtyInPackage><UnitOfMeasurePrice>0.0241</UnitOfMeasurePrice><AllowDiscount>1</AllowDiscount><ItemStatus>1</ItemStatus><ItemPrice>10.90</ItemPrice></item><item><PriceUpdateDate>2015-07-24 07:15:41</PriceUpdateDate><ItemCode>7290012022272</ItemCode><ItemType>1</ItemType><ItemName>קליליות קידס</ItemName><ManufacturerName>לא ממותג</ManufacturerName><ManufactureCountry>לא ידוע</ManufactureCountry><ManufacturerItemDescription>קליליות קידס</ManufacturerItemDescription><SoldByWeight/><Quantity>30.00</Quantity><UnitOfMeasure>גרם     </UnitOfMeasure><QtyInPackage>לא ידוע</QtyInPackage><UnitOfMeasurePrice>0.3567</UnitOfMeasurePrice><AllowDiscount>1</AllowDiscount><ItemStatus>1</ItemStatus><ItemPrice>10.70</ItemPrice></item><item><PriceUpdateDate>2015-11-15 20:35:31</PriceUpdateDate><ItemCode>7290012025013</ItemCode><ItemType>1</ItemType><ItemName>סלט איקרה לבנה 250 ג</ItemName><ManufacturerName>סלטי שמיר</ManufacturerName><ManufactureCountry>ישראל</ManufactureCountry><ManufacturerItemDescription>איקרא לבנה מיוחדת  250 גר</ManufacturerItemDescription><SoldByWeight/><Quantity>250.00</Quantity><UnitOfMeasure>גרם     </UnitOfMeasure><QtyInPackage>לא ידוע</QtyInPackage><UnitOfMeasurePrice>0.0668</UnitOfMeasurePrice><AllowDiscount>1</AllowDiscount><ItemStatus>1</ItemStatus><ItemPrice>16.70</ItemPrice></item><item><PriceUpdateDate>2016-02-08 10:36:27</PriceUpdateDate><ItemCode>7290012116735</ItemCode><ItemType>1</ItemType><ItemName>נייר טואלט סנו סופט</ItemName><ManufacturerName>סנו סופט</ManufacturerName><ManufactureCountry>ישראל</ManufactureCountry><ManufacturerItemDescription>נייר טואלט סנו סופט</ManufacturerItemDescription><SoldByWeight/><Quantity>900.00</Quantity><UnitOfMeasure>מטר</UnitOfMeasure><QtyInPackage>לא ידוע</QtyInPackage><UnitOfMeasurePrice>0.0443</UnitOfMeasurePrice><AllowDiscount>1</AllowDiscount><ItemStatus>1</ItemStatus><ItemPrice>39.90</ItemPrice></item><item><PriceUpdateDate>2015-11-15 20:35:32</PriceUpdateDate><ItemCode>7290012117435</ItemCode><ItemType>1</ItemType><ItemName>ג'ל רחצה קרמה מן אלו</ItemName><ManufacturerName>קרמה</ManufacturerName><ManufactureCountry>ישראל</ManufactureCountry><ManufacturerItemDescription>ג'ל רחצה קרמה מן אלו</ManufacturerItemDescription><SoldByWeight/><Quantity>700.00</Quantity><UnitOfMeasure>מ"ל</UnitOfMeasure><QtyInPackage>לא ידוע</QtyInPackage><UnitOfMeasurePrice>0.0326</UnitOfMeasurePrice><AllowDiscount>1</AllowDiscount><ItemStatus>1</ItemStatus><ItemPrice>22.80</ItemPrice></item><item><PriceUpdateDate>2016-03-29 07:28:43</PriceUpdateDate><ItemCode>7290012117589</ItemCode><ItemType>1</ItemType><ItemName>מב כפפות סנו סושי לט</ItemName><ManufacturerName>סנו סושי</ManufacturerName><ManufactureCountry>ישראל</ManufactureCountry><ManufacturerItemDescription>מב כפפות סנו סושי לט</ManufacturerItemDescription><SoldByWeight/><Quantity>100.00</Quantity><UnitOfMeasure>בודד</UnitOfMeasure><QtyInPackage>לא ידוע</QtyInPackage><UnitOfMeasurePrice>0.2490</UnitOfMeasurePrice><AllowDiscount>1</AllowDiscount><ItemStatus>1</ItemStatus><ItemPrice>24.90</ItemPrice></item><item><PriceUpdateDate>2016-02-02 05:56:15</PriceUpdateDate><ItemCode>7290012117732</ItemCode><ItemType>1</ItemType><ItemName>מב מרכך כביסה מקסימה</ItemName><ManufacturerName>סנו מקסימה</ManufacturerName><ManufactureCountry>ישראל</ManufactureCountry><ManufacturerItemDescription>מב מרכך כביסה מקסימה</ManufacturerItemDescription><SoldByWeight/><Quantity>4000.00</Quantity><UnitOfMeasure>מ"ל</UnitOfMeasure><QtyInPackage>לא ידוע</QtyInPackage><UnitOfMeasurePrice>0.0055</UnitOfMeasurePrice><AllowDiscount>1</AllowDiscount><ItemStatus>1</ItemStatus><ItemPrice>21.90</ItemPrice></item><item><PriceUpdateDate>2016-05-01 10:28:14</PriceUpdateDate><ItemCode>7290012117916</ItemCode><ItemType>1</ItemType><ItemName>מב סנו אינסטלטור פות</ItemName><ManufacturerName>לא ידוע</ManufacturerName><ManufactureCountry>ישראל</ManufactureCountry><ManufacturerItemDescription>מב סנו אינסטלטור פות</ManufacturerItemDescription><SoldByWeight/><Quantity>1000.00</Quantity><UnitOfMeasure>מ"ל</UnitOfMeasure><QtyInPackage>לא ידוע</QtyInPackage><UnitOfMeasurePrice>0.0199</UnitOfMeasurePrice><AllowDiscount>1</AllowDiscount><ItemStatus>1</ItemStatus><ItemPrice>19.90</ItemPrice></item><item><PriceUpdateDate>2016-05-01 12:08:22</PriceUpdateDate><ItemCode>7290012159404</ItemCode><ItemType>1</ItemType><ItemName>לבבות דקל שלמים 400</ItemName><ManufacturerName>לא ממותג</ManufacturerName><ManufactureCountry>ישראל</ManufactureCountry><ManufacturerItemDescription>לבבות דקל שלמים 400 גרם</ManufacturerItemDescription><SoldByWeight/><Quantity>400.00</Quantity><UnitOfMeasure>גרם     </UnitOfMeasure><QtyInPackage>לא ידוע</QtyInPackage><UnitOfMeasurePrice>0.0323</UnitOfMeasurePrice><AllowDiscount>1</AllowDiscount><ItemStatus>1</ItemStatus><ItemPrice>12.90</ItemPrice></item><item><PriceUpdateDate>2014-12-10 06:48:00</PriceUpdateDate><ItemCode>7290012173264</ItemCode><ItemType>1</ItemType><ItemName>משמש 350 גרם</ItemName><ManufacturerName>זארובי</ManufacturerName><ManufactureCountry>ישראל</ManufactureCountry><ManufacturerItemDescription>משמש 350 גרם</ManufacturerItemDescription><SoldByWeight/><Quantity>350.00</Quantity><UnitOfMeasure>גרם     </UnitOfMeasure><QtyInPackage>לא ידוע</QtyInPackage><UnitOfMeasurePrice>0.0369</UnitOfMeasurePrice><AllowDiscount>1</AllowDiscount><ItemStatus>1</ItemStatus><ItemPrice>12.90</ItemPrice></item><item><PriceUpdateDate>2015-08-31 09:42:11</PriceUpdateDate><ItemCode>7290012173288</ItemCode><ItemType>1</ItemType><ItemName>מינימוטו 170 גרם</ItemName><ManufacturerName>זארובי</ManufacturerName><ManufactureCountry>לא ידוע</ManufactureCountry><ManufacturerItemDescription>מינימוטו 170 גרם</ManufacturerItemDescription><SoldByWeight/><Quantity>170.00</Quantity><UnitOfMeasure>גרם     </UnitOfMeasure><QtyInPackage>לא ידוע</QtyInPackage><UnitOfMeasurePrice>0.0271</UnitOfMeasurePrice><AllowDiscount>1</AllowDiscount><ItemStatus>1</ItemStatus><ItemPrice>4.60</ItemPrice></item><item><PriceUpdateDate>2014-12-01 06:29:39</PriceUpdateDate><ItemCode>7290012173820</ItemCode><ItemType>1</ItemType><ItemName>פיסטוק קלוי 150 גרם</ItemName><ManufacturerName>זארובי</ManufacturerName><ManufactureCountry>ישראל</ManufactureCountry><ManufacturerItemDescription>פיסטוק קלוי 150 גרם</ManufacturerItemDescription><SoldByWeight/><Quantity>150.00</Quantity><UnitOfMeasure>גרם     </UnitOfMeasure><QtyInPackage>לא ידוע</QtyInPackage><UnitOfMeasurePrice>0.0993</UnitOfMeasurePrice><AllowDiscount>1</AllowDiscount><ItemStatus>1</ItemStatus><ItemPrice>14.90</ItemPrice></item><item><PriceUpdateDate>2015-11-03 06:59:27</PriceUpdateDate><ItemCode>7290012173875</ItemCode><ItemType>1</ItemType><ItemName>גרעיני דלעת 300 גרם</ItemName><ManufacturerName>זארובי</ManufacturerName><ManufactureCountry>ישראל</ManufactureCountry><ManufacturerItemDescription>גרעיני דלעת 300 גרם</ManufacturerItemDescription><SoldByWeight/><Quantity>300.00</Quantity><UnitOfMeasure>גרם     </UnitOfMeasure><QtyInPackage>לא ידוע</QtyInPackage><UnitOfMeasurePrice>0.0363</UnitOfMeasurePrice><AllowDiscount>1</AllowDiscount><ItemStatus>1</ItemStatus><ItemPrice>10.90</ItemPrice></item><item><PriceUpdateDate>2014-12-01 06:29:39</PriceUpdateDate><ItemCode>7290012173899</ItemCode><ItemType>1</ItemType><ItemName>אגוזי פקאן קלויים 14</ItemName><ManufacturerName>זארובי</ManufacturerName><ManufactureCountry>ישראל</ManufactureCountry><ManufacturerItemDescription>אגוזי פקאן קלויים 14</ManufacturerItemDescription><SoldByWeight/><Quantity>140.00</Quantity><UnitOfMeasure>גרם     </UnitOfMeasure><QtyInPackage>לא ידוע</QtyInPackage><UnitOfMeasurePrice>0.1064</UnitOfMeasurePrice><AllowDiscount>1</AllowDiscount><ItemStatus>1</ItemStatus><ItemPrice>14.90</ItemPrice></item><item><PriceUpdateDate>2015-11-03 06:59:27</PriceUpdateDate><ItemCode>7290012173912</ItemCode><ItemType>1</ItemType><ItemName>חמוציות 300 גרם</ItemName><ManufacturerName>זארובי</ManufacturerName><ManufactureCountry>ישראל</ManufactureCountry><ManufacturerItemDescription>חמוציות 300 גרם</ManufacturerItemDescription><SoldByWeight/><Quantity>300.00</Quantity><UnitOfMeasure>גרם     </UnitOfMeasure><QtyInPackage>לא ידוע</QtyInPackage><UnitOfMeasurePrice>0.0430</UnitOfMeasurePrice><AllowDiscount>1</AllowDiscount><ItemStatus>1</ItemStatus><ItemPrice>12.90</ItemPrice></item><item><PriceUpdateDate>2014-12-10 06:48:00</PriceUpdateDate><ItemCode>7290012173998</ItemCode><ItemType>1</ItemType><ItemName>צימוק בהיר 350 גרם</ItemName><ManufacturerName>זארובי</ManufacturerName><ManufactureCountry>ישראל</ManufactureCountry><ManufacturerItemDescription>צימוק בהיר 350 גרם</ManufacturerItemDescription><SoldByWeight/><Quantity>350.00</Quantity><UnitOfMeasure>גרם     </UnitOfMeasure><QtyInPackage>לא ידוע</QtyInPackage><UnitOfMeasurePrice>0.0369</UnitOfMeasurePrice><AllowDiscount>1</AllowDiscount><ItemStatus>1</ItemStatus><ItemPrice>12.90</ItemPrice></item><item><PriceUpdateDate>2016-03-29 07:28:43</PriceUpdateDate><ItemCode>7290012193125</ItemCode><ItemType>1</ItemType><ItemName>מב מרמולייט סוכרלוז</ItemName><ManufacturerName>מרמולייט</ManufacturerName><ManufactureCountry>ישראל</ManufactureCountry><ManufacturerItemDescription>סוכרלוז מרמולייט 150 יחיד</ManufacturerItemDescription><SoldByWeight/><Quantity>150.00</Quantity><UnitOfMeasure>גרם     </UnitOfMeasure><QtyInPackage>לא ידוע</QtyInPackage><UnitOfMeasurePrice>0.1660</UnitOfMeasurePrice><AllowDiscount>1</AllowDiscount><ItemStatus>1</ItemStatus><ItemPrice>24.90</ItemPrice></item><item><PriceUpdateDate>2016-05-01 12:08:23</PriceUpdateDate><ItemCode>7290012193323</ItemCode><ItemType>1</ItemType><ItemName>אדג' ג'ל אולטימייט כ</ItemName><ManufacturerName>אדג'</ManufacturerName><ManufactureCountry>ארצות הברית</ManufactureCountry><ManufacturerItemDescription>ת.רחצה פלמוליב  זיתים500</ManufacturerItemDescription><SoldByWeight/><Quantity>198.00</Quantity><UnitOfMeasure>מ"ל</UnitOfMeasure><QtyInPackage>לא ידוע</QtyInPackage><UnitOfMeasurePrice>0.0955</UnitOfMeasurePrice><AllowDiscount>1</AllowDiscount><ItemStatus>1</ItemStatus><ItemPrice>18.90</ItemPrice></item><item><PriceUpdateDate>2016-02-02 05:51:19</PriceUpdateDate><ItemCode>7290012226939</ItemCode><ItemType>1</ItemType><ItemName>מב קבנוס בטעם צ'ילי</ItemName><ManufacturerName>זוגלובק</ManufacturerName><ManufactureCountry>ישראל</ManufactureCountry><ManufacturerItemDescription>קבנוס עם צלי חריף 135 גר</ManufacturerItemDescription><SoldByWeight/><Quantity>135.00</Quantity><UnitOfMeasure>גרם     </UnitOfMeasure><QtyInPackage>לא ידוע</QtyInPackage><UnitOfMeasurePrice>0.0733</UnitOfMeasurePrice><AllowDiscount>1</AllowDiscount><ItemStatus>1</ItemStatus><ItemPrice>9.90</ItemPrice></item><item><PriceUpdateDate>2016-02-02 05:51:20</PriceUpdateDate><ItemCode>7290012226946</ItemCode><ItemType>1</ItemType><ItemName>מב קבנוס בטעם בצל 13</ItemName><ManufacturerName>זוגלובק</ManufacturerName><ManufactureCountry>ישראל</ManufactureCountry><ManufacturerItemDescription>מב קבנוס בטעם בצל 13</ManufacturerItemDescription><SoldByWeight/><Quantity>135.00</Quantity><UnitOfMeasure>גרם     </UnitOfMeasure><QtyInPackage>לא ידוע</QtyInPackage><UnitOfMeasurePrice>0.0733</UnitOfMeasurePrice><AllowDiscount>1</AllowDiscount><ItemStatus>1</ItemStatus><ItemPrice>9.90</ItemPrice></item><item><PriceUpdateDate>2016-03-29 07:11:06</PriceUpdateDate><ItemCode>7290012227172</ItemCode><ItemType>1</ItemType><ItemName>מארז נקניק חרמון כפר</ItemName><ManufacturerName>זוגלובק</ManufacturerName><ManufactureCountry>ישראל</ManufactureCountry><ManufacturerItemDescription>מארז נקניק חרמון כפר</ManufacturerItemDescription><SoldByWeight/><Quantity>600.00</Quantity><UnitOfMeasure>גרם     </UnitOfMeasure><QtyInPackage>לא ידוע</QtyInPackage><UnitOfMeasurePrice>0.0602</UnitOfMeasurePrice><AllowDiscount>1</AllowDiscount><ItemStatus>1</ItemStatus><ItemPrice>36.10</ItemPrice></item><item><PriceUpdateDate>2015-10-15 12:36:56</PriceUpdateDate><ItemCode>7290012275401</ItemCode><ItemType>1</ItemType><ItemName>בירה מולר 500 מ"ל בק</ItemName><ManufacturerName>לא ממותג</ManufacturerName><ManufactureCountry>פולין</ManufactureCountry><ManufacturerItemDescription>בירה מולר 500 מל</ManufacturerItemDescription><SoldByWeight/><Quantity>500.00</Quantity><UnitOfMeasure>מ"ל</UnitOfMeasure><QtyInPackage>לא ידוע</QtyInPackage><UnitOfMeasurePrice>0.0122</UnitOfMeasurePrice><AllowDiscount>1</AllowDiscount><ItemStatus>1</ItemStatus><ItemPrice>6.10</ItemPrice></item><item><PriceUpdateDate>2016-05-01 12:08:24</PriceUpdateDate><ItemCode>7290012309458</ItemCode><ItemType>1</ItemType><ItemName>שקד מולבן טחון 100 ג</ItemName><ManufacturerName>"המותג"</ManufacturerName><ManufactureCountry>לא ידוע</ManufactureCountry><ManufacturerItemDescription>שקד מולבן טחון 100 ג</ManufacturerItemDescription><SoldByWeight/><Quantity>100.00</Quantity><UnitOfMeasure>גרם     </UnitOfMeasure><QtyInPackage>לא ידוע</QtyInPackage><UnitOfMeasurePrice>0.1190</UnitOfMeasurePrice><AllowDiscount>1</AllowDiscount><ItemStatus>1</ItemStatus><ItemPrice>11.90</ItemPrice></item><item><PriceUpdateDate>2016-05-01 12:08:24</PriceUpdateDate><ItemCode>7290012309465</ItemCode><ItemType>1</ItemType><ItemName>שקד מולבן פרוס 100 ג</ItemName><ManufacturerName>"המותג"</ManufacturerName><ManufactureCountry>לא ידוע</ManufactureCountry><ManufacturerItemDescription>שקד מולבן פרוס 100 ג</ManufacturerItemDescription><SoldByWeight/><Quantity>100.00</Quantity><UnitOfMeasure>גרם     </UnitOfMeasure><QtyInPackage>לא ידוע</QtyInPackage><UnitOfMeasurePrice>0.1190</UnitOfMeasurePrice><AllowDiscount>1</AllowDiscount><ItemStatus>1</ItemStatus><ItemPrice>11.90</ItemPrice></item><item><PriceUpdateDate>2016-03-29 07:28:44</PriceUpdateDate><ItemCode>7290012404146</ItemCode><ItemType>1</ItemType><ItemName>מב שוופס פרוט תפוחים</ItemName><ManufacturerName>שוופס</ManufacturerName><ManufactureCountry>ישראל</ManufactureCountry><ManufacturerItemDescription>שוופס פירות תפוחים 1.5 לי</ManufacturerItemDescription><SoldByWeight/><Quantity>1500.00</Quantity><UnitOfMeasure>מ"ל</UnitOfMeasure><QtyInPackage>לא ידוע</QtyInPackage><UnitOfMeasurePrice>0.0046</UnitOfMeasurePrice><AllowDiscount>1</AllowDiscount><ItemStatus>1</ItemStatus><ItemPrice>6.90</ItemPrice></item><item><PriceUpdateDate>2016-03-29 07:28:44</PriceUpdateDate><ItemCode>7290012404160</ItemCode><ItemType>1</ItemType><ItemName>מב שוופס פרוט אשכולי</ItemName><ManufacturerName>שוופס</ManufacturerName><ManufactureCountry>ישראל</ManufactureCountry><ManufacturerItemDescription>שוופס פירות אשכולית אדומה</ManufacturerItemDescription><SoldByWeight/><Quantity>1500.00</Quantity><UnitOfMeasure>מ"ל</UnitOfMeasure><QtyInPackage>לא ידוע</QtyInPackage><UnitOfMeasurePrice>0.0046</UnitOfMeasurePrice><AllowDiscount>1</AllowDiscount><ItemStatus>1</ItemStatus><ItemPrice>6.90</ItemPrice></item><item><PriceUpdateDate>2016-03-16 13:06:21</PriceUpdateDate><ItemCode>7290012404320</ItemCode><ItemType>1</ItemType><ItemName>ספרינג 1.5 ליטר בטעם</ItemName><ManufacturerName>קריסטל משק"ל</ManufacturerName><ManufactureCountry>ישראל</ManufactureCountry><ManufacturerItemDescription>ספרינג ענבים 1.5 ליטר</ManufacturerItemDescription><SoldByWeight/><Quantity>1500.00</Quantity><UnitOfMeasure>מ"ל</UnitOfMeasure><QtyInPackage>לא ידוע</QtyInPackage><UnitOfMeasurePrice>0.0046</UnitOfMeasurePrice><AllowDiscount>1</AllowDiscount><ItemStatus>1</ItemStatus><ItemPrice>6.90</ItemPrice></item><item><PriceUpdateDate>2016-03-01 07:13:37</PriceUpdateDate><ItemCode>7290012404863</ItemCode><ItemType>1</ItemType><ItemName>ספרינג טי "טעם נולד"</ItemName><ManufacturerName>ספרינג טי</ManufacturerName><ManufactureCountry>ישראל</ManufactureCountry><ManufacturerItemDescription>ספרינג תה קר מנגו אפרסק 1</ManufacturerItemDescription><SoldByWeight/><Quantity>1500.00</Quantity><UnitOfMeasure>מ"ל</UnitOfMeasure><QtyInPackage>לא ידוע</QtyInPackage><UnitOfMeasurePrice>0.0046</UnitOfMeasurePrice><AllowDiscount>1</AllowDiscount><ItemStatus>1</ItemStatus><ItemPrice>6.90</ItemPrice></item><item><PriceUpdateDate>2015-11-15 20:35:32</PriceUpdateDate><ItemCode>7290012454189</ItemCode><ItemType>1</ItemType><ItemName>סוכריות ללא סוכר אפר</ItemName><ManufacturerName>מיה</ManufacturerName><ManufactureCountry>ישראל</ManufactureCountry><ManufacturerItemDescription>סוכריות ללא סוכר אפר</ManufacturerItemDescription><SoldByWeight/><Quantity>80.00</Quantity><UnitOfMeasure>גרם     </UnitOfMeasure><QtyInPackage>לא ידוע</QtyInPackage><UnitOfMeasurePrice>0.1137</UnitOfMeasurePrice><AllowDiscount>1</AllowDiscount><ItemStatus>1</ItemStatus><ItemPrice>9.10</ItemPrice></item><item><PriceUpdateDate>2015-11-15 20:35:32</PriceUpdateDate><ItemCode>7290012454202</ItemCode><ItemType>1</ItemType><ItemName>סוכריות ללא סוכר ריב</ItemName><ManufacturerName>מיה</ManufacturerName><ManufactureCountry>ישראל</ManufactureCountry><ManufacturerItemDescription>סוכריות ללא סוכר ריב</ManufacturerItemDescription><SoldByWeight/><Quantity>80.00</Quantity><UnitOfMeasure>גרם     </UnitOfMeasure><QtyInPackage>לא ידוע</QtyInPackage><UnitOfMeasurePrice>0.1137</UnitOfMeasurePrice><AllowDiscount>1</AllowDiscount><ItemStatus>1</ItemStatus><ItemPrice>9.10</ItemPrice></item><item><PriceUpdateDate>2015-11-15 20:35:33</PriceUpdateDate><ItemCode>7290012522581</ItemCode><ItemType>1</ItemType><ItemName>טבעול שניצל תירס ללא</ItemName><ManufacturerName>טבעול</ManufacturerName><ManufactureCountry>ישראל</ManufactureCountry><ManufacturerItemDescription>שניצל תירס ללא גלוטן 660</ManufacturerItemDescription><SoldByWeight/><Quantity>664.00</Quantity><UnitOfMeasure>גרם     </UnitOfMeasure><QtyInPackage>לא ידוע</QtyInPackage><UnitOfMeasurePrice>0.0361</UnitOfMeasurePrice><AllowDiscount>1</AllowDiscount><ItemStatus>1</ItemStatus><ItemPrice>24.00</ItemPrice></item><item><PriceUpdateDate>2015-10-21 09:13:10</PriceUpdateDate><ItemCode>7290012642586</ItemCode><ItemType>1</ItemType><ItemName>ערמונים קלופים 100 ג</ItemName><ManufacturerName>לא ממותג</ManufacturerName><ManufactureCountry>ישראל</ManufactureCountry><ManufacturerItemDescription>ערמונים קלופים 100 ג</ManufacturerItemDescription><SoldByWeight/><Quantity>100.00</Quantity><UnitOfMeasure>גרם     </UnitOfMeasure><QtyInPackage>לא ידוע</QtyInPackage><UnitOfMeasurePrice>0.0740</UnitOfMeasurePrice><AllowDiscount>1</AllowDiscount><ItemStatus>1</ItemStatus><ItemPrice>7.40</ItemPrice></item><item><PriceUpdateDate>2016-04-24 11:36:16</PriceUpdateDate><ItemCode>7290012642692</ItemCode><ItemType>1</ItemType><ItemName>מב לפתן קוקטייל פירו</ItemName><ManufacturerName>תומר</ManufacturerName><ManufactureCountry>ישראל</ManufactureCountry><ManufacturerItemDescription>מב לפתן קוקטייל פירו</ManufacturerItemDescription><SoldByWeight/><Quantity>678.00</Quantity><UnitOfMeasure>גרם     </UnitOfMeasure><QtyInPackage>לא ידוע</QtyInPackage><UnitOfMeasurePrice>0.0161</UnitOfMeasurePrice><AllowDiscount>1</AllowDiscount><ItemStatus>1</ItemStatus><ItemPrice>10.90</ItemPrice></item><item><PriceUpdateDate>2015-10-27 06:50:42</PriceUpdateDate><ItemCode>7290012696824</ItemCode><ItemType>1</ItemType><ItemName>זוג שקיות אוכל בקופס</ItemName><ManufacturerName>"המותג"</ManufacturerName><ManufactureCountry>ישראל</ManufactureCountry><ManufacturerItemDescription>זוג שקיות אוכל בקופס</ManufacturerItemDescription><SoldByWeight/><Quantity>300.00</Quantity><UnitOfMeasure>יח'</UnitOfMeasure><QtyInPackage>לא ידוע</QtyInPackage><UnitOfMeasurePrice>0.0373</UnitOfMeasurePrice><AllowDiscount>1</AllowDiscount><ItemStatus>1</ItemStatus><ItemPrice>11.20</ItemPrice></item><item><PriceUpdateDate>2014-12-01 06:27:39</PriceUpdateDate><ItemCode>7290012697388</ItemCode><ItemType>1</ItemType><ItemName>סוכרזית מצמח הסטיווי</ItemName><ManufacturerName>לא ממותג</ManufacturerName><ManufactureCountry>ישראל</ManufactureCountry><ManufacturerItemDescription>סוכרזית מצמח הסטיוויה כפי</ManufacturerItemDescription><SoldByWeight/><Quantity>100.00</Quantity><UnitOfMeasure>גרם     </UnitOfMeasure><QtyInPackage>לא ידוע</QtyInPackage><UnitOfMeasurePrice>0.3970</UnitOfMeasurePrice><AllowDiscount>1</AllowDiscount><ItemStatus>1</ItemStatus><ItemPrice>39.70</ItemPrice></item><item><PriceUpdateDate>2015-11-30 10:55:45</PriceUpdateDate><ItemCode>7290012823541</ItemCode><ItemType>1</ItemType><ItemName>ריצפז פרש מטליות ריצ</ItemName><ManufacturerName>ריצפז</ManufacturerName><ManufactureCountry>ישראל</ManufactureCountry><ManufacturerItemDescription>ריצפז מטליות לחות לרצפה 1</ManufacturerItemDescription><SoldByWeight/><Quantity>10.00</Quantity><UnitOfMeasure>בודד</UnitOfMeasure><QtyInPackage>לא ידוע</QtyInPackage><UnitOfMeasurePrice>1.7700</UnitOfMeasurePrice><AllowDiscount>1</AllowDiscount><ItemStatus>1</ItemStatus><ItemPrice>17.70</ItemPrice></item><item><PriceUpdateDate>2016-05-01 10:28:25</PriceUpdateDate><ItemCode>7290012823558</ItemCode><ItemType>1</ItemType><ItemName>מב סנו סושי מגבונים</ItemName><ManufacturerName>סנו סושי</ManufacturerName><ManufactureCountry>ישראל</ManufactureCountry><ManufacturerItemDescription>סנו סושי מטליות לחות לריצ</ManufacturerItemDescription><SoldByWeight/><Quantity>10.00</Quantity><UnitOfMeasure>בודד</UnitOfMeasure><QtyInPackage>לא ידוע</QtyInPackage><UnitOfMeasurePrice>1.0900</UnitOfMeasurePrice><AllowDiscount>1</AllowDiscount><ItemStatus>1</ItemStatus><ItemPrice>10.90</ItemPrice></item><item><PriceUpdateDate>2016-02-02 05:56:16</PriceUpdateDate><ItemCode>7290012823602</ItemCode><ItemType>1</ItemType><ItemName>מב נייר טואלט סופט ס</ItemName><ManufacturerName>סנו סופט</ManufacturerName><ManufactureCountry>ישראל</ManufactureCountry><ManufacturerItemDescription>נייר טואלט סופט 32  יח</ManufacturerItemDescription><SoldByWeight/><Quantity>699.00</Quantity><UnitOfMeasure>מטר</UnitOfMeasure><QtyInPackage>לא ידוע</QtyInPackage><UnitOfMeasurePrice>0.0428</UnitOfMeasurePrice><AllowDiscount>1</AllowDiscount><ItemStatus>1</ItemStatus><ItemPrice>29.90</ItemPrice></item><item><PriceUpdateDate>2015-11-02 17:20:39</PriceUpdateDate><ItemCode>7290012899126</ItemCode><ItemType>1</ItemType><ItemName>מלפפון 13-17 בחומץ ה</ItemName><ManufacturerName>"המותג"</ManufacturerName><ManufactureCountry>ישראל</ManufactureCountry><ManufacturerItemDescription>מלפפון 13-17 בחומץ ה</ManufacturerItemDescription><SoldByWeight/><Quantity>540.00</Quantity><UnitOfMeasure>גרם     </UnitOfMeasure><QtyInPackage>לא ידוע</QtyInPackage><UnitOfMeasurePrice>0.0117</UnitOfMeasurePrice><AllowDiscount>1</AllowDiscount><ItemStatus>1</ItemStatus><ItemPrice>6.30</ItemPrice></item><item><PriceUpdateDate>2015-11-15 20:35:34</PriceUpdateDate><ItemCode>7290012899133</ItemCode><ItemType>1</ItemType><ItemName>מלפפון 18-25 במלח המ</ItemName><ManufacturerName>"המותג"</ManufacturerName><ManufactureCountry>ישראל</ManufactureCountry><ManufacturerItemDescription>מלפפון 18-25 במלח המ</ManufacturerItemDescription><SoldByWeight/><Quantity>540.00</Quantity><UnitOfMeasure>גרם     </UnitOfMeasure><QtyInPackage>לא ידוע</QtyInPackage><UnitOfMeasurePrice>0.0137</UnitOfMeasurePrice><AllowDiscount>1</AllowDiscount><ItemStatus>1</ItemStatus><ItemPrice>7.40</ItemPrice></item><item><PriceUpdateDate>2016-04-19 07:17:20</PriceUpdateDate><ItemCode>7290012899188</ItemCode><ItemType>1</ItemType><ItemName>זיתים מנזנילו 15-17</ItemName><ManufacturerName>"המותג"</ManufacturerName><ManufactureCountry>ישראל</ManufactureCountry><ManufacturerItemDescription>זיתים מנזנילו 15-17</ManufacturerItemDescription><SoldByWeight/><Quantity>560.00</Quantity><UnitOfMeasure>גרם     </UnitOfMeasure><QtyInPackage>לא ידוע</QtyInPackage><UnitOfMeasurePrice>0.0141</UnitOfMeasurePrice><AllowDiscount>1</AllowDiscount><ItemStatus>1</ItemStatus><ItemPrice>7.90</ItemPrice></item><item><PriceUpdateDate>2015-10-15 12:36:56</PriceUpdateDate><ItemCode>7290012931376</ItemCode><ItemType>1</ItemType><ItemName>אטבי כביסה הדור החדש</ItemName><ManufacturerName>"המותג"</ManufacturerName><ManufactureCountry>ישראל</ManufactureCountry><ManufacturerItemDescription>אטבי כביסה הדור החדש</ManufacturerItemDescription><SoldByWeight/><Quantity>10.00</Quantity><UnitOfMeasure>יח'</UnitOfMeasure><QtyInPackage>לא ידוע</QtyInPackage><UnitOfMeasurePrice>0.6900</UnitOfMeasurePrice><AllowDiscount>1</AllowDiscount><ItemStatus>1</ItemStatus><ItemPrice>6.90</ItemPrice></item><item><PriceUpdateDate>2015-11-02 17:20:39</PriceUpdateDate><ItemCode>7290012984228</ItemCode><ItemType>1</ItemType><ItemName>מאגדתפרילי מנגו פסיפ</ItemName><ManufacturerName>גלידות נסטלה</ManufacturerName><ManufactureCountry>ישראל</ManufactureCountry><ManufacturerItemDescription>מאגדת פרילי מנגו פסיפלורה</ManufacturerItemDescription><SoldByWeight/><Quantity>468.00</Quantity><UnitOfMeasure>גרם     </UnitOfMeasure><QtyInPackage>לא ידוע</QtyInPackage><UnitOfMeasurePrice>0.0609</UnitOfMeasurePrice><AllowDiscount>1</AllowDiscount><ItemStatus>1</ItemStatus><ItemPrice>28.50</ItemPrice></item><item><PriceUpdateDate>2015-10-14 10:41:07</PriceUpdateDate><ItemCode>7290013038234</ItemCode><ItemType>1</ItemType><ItemName>שישיית אקווה נובה 2</ItemName><ManufacturerName>אקווה נובה</ManufacturerName><ManufactureCountry>ישראל</ManufactureCountry><ManufacturerItemDescription>אקווה נובה שישייה 2 ליטר</ManufacturerItemDescription><SoldByWeight/><Quantity>12000.00</Quantity><UnitOfMeasure>מ"ל</UnitOfMeasure><QtyInPackage>לא ידוע</QtyInPackage><UnitOfMeasurePrice>0.0009</UnitOfMeasurePrice><AllowDiscount>0</AllowDiscount><ItemStatus>1</ItemStatus><ItemPrice>11.30</ItemPrice></item><item><PriceUpdateDate>2015-11-12 09:09:01</PriceUpdateDate><ItemCode>7290013073488</ItemCode><ItemType>1</ItemType><ItemName>מדבקות קבוצה 11</ItemName><ManufacturerName>ליאור שרף</ManufacturerName><ManufactureCountry>ישראל</ManufactureCountry><ManufacturerItemDescription>מדבקות קבוצה 11</ManufacturerItemDescription><SoldByWeight/><Quantity>0.00</Quantity><UnitOfMeasure>0</UnitOfMeasure><QtyInPackage>לא ידוע</QtyInPackage><UnitOfMeasurePrice>0.0000</UnitOfMeasurePrice><AllowDiscount>1</AllowDiscount><ItemStatus>1</ItemStatus><ItemPrice>15.20</ItemPrice></item><item><PriceUpdateDate>2015-11-12 09:09:01</PriceUpdateDate><ItemCode>7290013073518</ItemCode><ItemType>1</ItemType><ItemName>מדבקות קבוצה 1</ItemName><ManufacturerName>ליאור שרף</ManufacturerName><ManufactureCountry>ישראל</ManufactureCountry><ManufacturerItemDescription>מדבקות קבוצה 1</ManufacturerItemDescription><SoldByWeight/><Quantity>0.00</Quantity><UnitOfMeasure>0</UnitOfMeasure><QtyInPackage>לא ידוע</QtyInPackage><UnitOfMeasurePrice>0.0000</UnitOfMeasurePrice><AllowDiscount>1</AllowDiscount><ItemStatus>1</ItemStatus><ItemPrice>11.20</ItemPrice></item><item><PriceUpdateDate>2014-12-01 06:29:34</PriceUpdateDate><ItemCode>7290013073594</ItemCode><ItemType>1</ItemType><ItemName>צביעונים 10 יחידות ק</ItemName><ManufacturerName>ליאור שרף</ManufacturerName><ManufactureCountry>ישראל</ManufactureCountry><ManufacturerItemDescription>צביעונים 10 יחידות ק</ManufacturerItemDescription><SoldByWeight/><Quantity>0.00</Quantity><UnitOfMeasure>0</UnitOfMeasure><QtyInPackage>לא ידוע</QtyInPackage><UnitOfMeasurePrice>0.0000</UnitOfMeasurePrice><AllowDiscount>1</AllowDiscount><ItemStatus>1</ItemStatus><ItemPrice>23.90</ItemPrice></item><item><PriceUpdateDate>2014-12-01 06:29:34</PriceUpdateDate><ItemCode>7290013073617</ItemCode><ItemType>1</ItemType><ItemName>צבעי פסטל 12</ItemName><ManufacturerName>ליאור שרף</ManufacturerName><ManufactureCountry>ישראל</ManufactureCountry><ManufacturerItemDescription>צבעי פסטל 12</ManufacturerItemDescription><SoldByWeight/><Quantity>0.00</Quantity><UnitOfMeasure>0</UnitOfMeasure><QtyInPackage>לא ידוע</QtyInPackage><UnitOfMeasurePrice>0.0000</UnitOfMeasurePrice><AllowDiscount>1</AllowDiscount><ItemStatus>1</ItemStatus><ItemPrice>11.90</ItemPrice></item><item><PriceUpdateDate>2014-12-01 06:29:34</PriceUpdateDate><ItemCode>7290013073747</ItemCode><ItemType>1</ItemType><ItemName>צבעי פסטל 12 תליה קי</ItemName><ManufacturerName>ליאור שרף</ManufacturerName><ManufactureCountry>ישראל</ManufactureCountry><ManufacturerItemDescription>צבעי פסטל 12 תליה קי</ManufacturerItemDescription><SoldByWeight/><Quantity>0.00</Quantity><UnitOfMeasure>0</UnitOfMeasure><QtyInPackage>לא ידוע</QtyInPackage><UnitOfMeasurePrice>0.0000</UnitOfMeasurePrice><AllowDiscount>1</AllowDiscount><ItemStatus>1</ItemStatus><ItemPrice>7.90</ItemPrice></item><item><PriceUpdateDate>2014-12-01 06:29:34</PriceUpdateDate><ItemCode>7290013073914</ItemCode><ItemType>1</ItemType><ItemName>סט טוש לבד קידליין</ItemName><ManufacturerName>ליאור שרף</ManufacturerName><ManufactureCountry>ישראל</ManufactureCountry><ManufacturerItemDescription>סט טוש לבד קידליין</ManufacturerItemDescription><SoldByWeight/><Quantity>0.00</Quantity><UnitOfMeasure>0</UnitOfMeasure><QtyInPackage>לא ידוע</QtyInPackage><UnitOfMeasurePrice>0.0000</UnitOfMeasurePrice><AllowDiscount>1</AllowDiscount><ItemStatus>1</ItemStatus><ItemPrice>16.90</ItemPrice></item><item><PriceUpdateDate>2014-12-01 06:29:34</PriceUpdateDate><ItemCode>7290013073945</ItemCode><ItemType>1</ItemType><ItemName>סט פלסטלינה 8 צבעים</ItemName><ManufacturerName>ליאור שרף</ManufacturerName><ManufactureCountry>ישראל</ManufactureCountry><ManufacturerItemDescription>סט פלסטלינה 8 צבעים</ManufacturerItemDescription><SoldByWeight/><Quantity>0.00</Quantity><UnitOfMeasure>0</UnitOfMeasure><QtyInPackage>לא ידוע</QtyInPackage><UnitOfMeasurePrice>0.0000</UnitOfMeasurePrice><AllowDiscount>1</AllowDiscount><ItemStatus>1</ItemStatus><ItemPrice>4.90</ItemPrice></item><item><PriceUpdateDate>2016-02-02 05:51:22</PriceUpdateDate><ItemCode>7290013144171</ItemCode><ItemType>1</ItemType><ItemName>תערובת עוגת שוקולד 5</ItemName><ManufacturerName>מימונס</ManufacturerName><ManufactureCountry>ישראל</ManufactureCountry><ManufacturerItemDescription>תערובת עוגת שוקולד</ManufacturerItemDescription><SoldByWeight/><Quantity>500.00</Quantity><UnitOfMeasure>גרם     </UnitOfMeasure><QtyInPackage>לא ידוע</QtyInPackage><UnitOfMeasurePrice>0.0338</UnitOfMeasurePrice><AllowDiscount>1</AllowDiscount><ItemStatus>1</ItemStatus><ItemPrice>16.90</ItemPrice></item><item><PriceUpdateDate>2016-01-04 21:30:58</PriceUpdateDate><ItemCode>7290013224392</ItemCode><ItemType>1</ItemType><ItemName>מרכך כביסה מרוכז 1 ל</ItemName><ManufacturerName>"המותג"</ManufacturerName><ManufactureCountry>ישראל</ManufactureCountry><ManufacturerItemDescription>מרכך כביסה מרוכז 1 ל</ManufacturerItemDescription><SoldByWeight/><Quantity>1000.00</Quantity><UnitOfMeasure>מ"ל</UnitOfMeasure><QtyInPackage>לא ידוע</QtyInPackage><UnitOfMeasurePrice>0.0109</UnitOfMeasurePrice><AllowDiscount>1</AllowDiscount><ItemStatus>1</ItemStatus><ItemPrice>10.90</ItemPrice></item><item><PriceUpdateDate>2016-05-01 12:08:36</PriceUpdateDate><ItemCode>7290013224798</ItemCode><ItemType>1</ItemType><ItemName>אקונומיקה ריחנית פרח</ItemName><ManufacturerName>"המותג"</ManufacturerName><ManufactureCountry>ישראל</ManufactureCountry><ManufacturerItemDescription>אקונומיקה ריחנית פרח</ManufacturerItemDescription><SoldByWeight/><Quantity>4000.00</Quantity><UnitOfMeasure>מ"ל</UnitOfMeasure><QtyInPackage>לא ידוע</QtyInPackage><UnitOfMeasurePrice>0.0025</UnitOfMeasurePrice><AllowDiscount>1</AllowDiscount><ItemStatus>1</ItemStatus><ItemPrice>9.90</ItemPrice></item><item><PriceUpdateDate>2015-10-11 14:19:55</PriceUpdateDate><ItemCode>7290013267665</ItemCode><ItemType>1</ItemType><ItemName>מאגדת מיני סולרו טרו</ItemName><ManufacturerName>סולרו</ManufacturerName><ManufactureCountry>ישראל</ManufactureCountry><ManufacturerItemDescription>מאגדת סולרו פירות טרופיים</ManufacturerItemDescription><SoldByWeight/><Quantity>295.00</Quantity><UnitOfMeasure>גרם     </UnitOfMeasure><QtyInPackage>לא ידוע</QtyInPackage><UnitOfMeasurePrice>0.0902</UnitOfMeasurePrice><AllowDiscount>1</AllowDiscount><ItemStatus>1</ItemStatus><ItemPrice>26.60</ItemPrice></item><item><PriceUpdateDate>2015-11-15 20:35:35</PriceUpdateDate><ItemCode>7290013267726</ItemCode><ItemType>1</ItemType><ItemName>שלגון שמנת בודד בציפ</ItemName><ManufacturerName>מגנום-גלידה</ManufacturerName><ManufactureCountry>ישראל</ManufactureCountry><ManufacturerItemDescription>שלגון מגנום דאבל שוקולד</ManufacturerItemDescription><SoldByWeight/><Quantity>90.00</Quantity><UnitOfMeasure>גרם     </UnitOfMeasure><QtyInPackage>לא ידוע</QtyInPackage><UnitOfMeasurePrice>0.1278</UnitOfMeasurePrice><AllowDiscount>1</AllowDiscount><ItemStatus>1</ItemStatus><ItemPrice>11.50</ItemPrice></item><item><PriceUpdateDate>2016-05-01 12:08:36</PriceUpdateDate><ItemCode>7290013268020</ItemCode><ItemType>1</ItemType><ItemName>מב מרכך כביסה מקסימה</ItemName><ManufacturerName>סנו מקסימה</ManufacturerName><ManufactureCountry>ישראל</ManufactureCountry><ManufacturerItemDescription>מקסימה מרכך כביסה מרוכז א</ManufacturerItemDescription><SoldByWeight/><Quantity>1000.00</Quantity><UnitOfMeasure>מ"ל</UnitOfMeasure><QtyInPackage>לא ידוע</QtyInPackage><UnitOfMeasurePrice>0.0149</UnitOfMeasurePrice><AllowDiscount>1</AllowDiscount><ItemStatus>1</ItemStatus><ItemPrice>14.90</ItemPrice></item><item><PriceUpdateDate>2016-05-01 12:08:36</PriceUpdateDate><ItemCode>7290013268037</ItemCode><ItemType>1</ItemType><ItemName>מב מרכך כביסה מקסימה</ItemName><ManufacturerName>סנו מקסימה</ManufacturerName><ManufactureCountry>ישראל</ManufactureCountry><ManufacturerItemDescription>מקסימה מרכך כביסה מרוכז פ</ManufacturerItemDescription><SoldByWeight/><Quantity>1000.00</Quantity><UnitOfMeasure>מ"ל</UnitOfMeasure><QtyInPackage>לא ידוע</QtyInPackage><UnitOfMeasurePrice>0.0149</UnitOfMeasurePrice><AllowDiscount>1</AllowDiscount><ItemStatus>1</ItemStatus><ItemPrice>14.90</ItemPrice></item><item><PriceUpdateDate>2016-05-01 10:28:34</PriceUpdateDate><ItemCode>7290013268891</ItemCode><ItemType>1</ItemType><ItemName>מב סנו אוקסיג'ין 3 ל</ItemName><ManufacturerName>סנו מקסימה</ManufacturerName><ManufactureCountry>ישראל</ManufactureCountry><ManufacturerItemDescription>מב סנו אוקסיג'ין 3 ל</ManufacturerItemDescription><SoldByWeight/><Quantity>3000.00</Quantity><UnitOfMeasure>מ"ל</UnitOfMeasure><QtyInPackage>לא ידוע</QtyInPackage><UnitOfMeasurePrice>0.0100</UnitOfMeasurePrice><AllowDiscount>1</AllowDiscount><ItemStatus>1</ItemStatus><ItemPrice>29.90</ItemPrice></item><item><PriceUpdateDate>2015-11-15 20:35:36</PriceUpdateDate><ItemCode>7290013269003</ItemCode><ItemType>1</ItemType><ItemName>מרכך כביסה מקסימה קי</ItemName><ManufacturerName>סנו מקסימה</ManufacturerName><ManufactureCountry>ישראל</ManufactureCountry><ManufacturerItemDescription>מרכך כביסה מקסימה קי</ManufacturerItemDescription><SoldByWeight/><Quantity>1000.00</Quantity><UnitOfMeasure>מ"ל</UnitOfMeasure><QtyInPackage>לא ידוע</QtyInPackage><UnitOfMeasurePrice>0.0256</UnitOfMeasurePrice><AllowDiscount>1</AllowDiscount><ItemStatus>1</ItemStatus><ItemPrice>25.60</ItemPrice></item><item><PriceUpdateDate>2015-11-30 10:55:45</PriceUpdateDate><ItemCode>7290013269645</ItemCode><ItemType>1</ItemType><ItemName>ריצפז פרש מטליות ריצ</ItemName><ManufacturerName>ריצפז</ManufacturerName><ManufactureCountry>ישראל</ManufactureCountry><ManufacturerItemDescription>ריצפז פרש מטליות ריצ</ManufacturerItemDescription><SoldByWeight/><Quantity>10.00</Quantity><UnitOfMeasure>בודד</UnitOfMeasure><QtyInPackage>לא ידוע</QtyInPackage><UnitOfMeasurePrice>1.7700</UnitOfMeasurePrice><AllowDiscount>1</AllowDiscount><ItemStatus>1</ItemStatus><ItemPrice>17.70</ItemPrice></item><item><PriceUpdateDate>2016-05-01 10:28:36</PriceUpdateDate><ItemCode>7290013269799</ItemCode><ItemType>1</ItemType><ItemName>מב רביעיית מגבוני כי</ItemName><ManufacturerName>כיף</ManufacturerName><ManufactureCountry>ישראל</ManufactureCountry><ManufacturerItemDescription>מב רביעיית מגבוני כי</ManufacturerItemDescription><SoldByWeight/><Quantity>288.00</Quantity><UnitOfMeasure>בודד</UnitOfMeasure><QtyInPackage>לא ידוע</QtyInPackage><UnitOfMeasurePrice>0.0691</UnitOfMeasurePrice><AllowDiscount>1</AllowDiscount><ItemStatus>1</ItemStatus><ItemPrice>19.90</ItemPrice></item><item><PriceUpdateDate>2015-11-15 20:35:36</PriceUpdateDate><ItemCode>7290013284242</ItemCode><ItemType>1</ItemType><ItemName>רסק עגבניות פלוס תיב</ItemName><ManufacturerName>לא ממותג</ManufacturerName><ManufactureCountry>ישראל</ManufactureCountry><ManufacturerItemDescription>רסק עגבניות תיבול מרוקאי</ManufacturerItemDescription><SoldByWeight/><Quantity>100.00</Quantity><UnitOfMeasure>גרם     </UnitOfMeasure><QtyInPackage>לא ידוע</QtyInPackage><UnitOfMeasurePrice>0.0310</UnitOfMeasurePrice><AllowDiscount>1</AllowDiscount><ItemStatus>1</ItemStatus><ItemPrice>3.10</ItemPrice></item><item><PriceUpdateDate>2014-12-01 06:28:24</PriceUpdateDate><ItemCode>7290013284662</ItemCode><ItemType>1</ItemType><ItemName>רוטב פיצה-פיתה טעים</ItemName><ManufacturerName>לא ממותג</ManufacturerName><ManufactureCountry>ישראל</ManufactureCountry><ManufacturerItemDescription>רוטב פיצה-פיתה טעים</ManufacturerItemDescription><SoldByWeight/><Quantity>240.00</Quantity><UnitOfMeasure>גרם     </UnitOfMeasure><QtyInPackage>לא ידוע</QtyInPackage><UnitOfMeasurePrice>0.0262</UnitOfMeasurePrice><AllowDiscount>1</AllowDiscount><ItemStatus>1</ItemStatus><ItemPrice>6.30</ItemPrice></item><item><PriceUpdateDate>2016-03-29 07:11:08</PriceUpdateDate><ItemCode>7290013284884</ItemCode><ItemType>1</ItemType><ItemName>תרכיז עגבניות  SUN T</ItemName><ManufacturerName>פריניר</ManufacturerName><ManufactureCountry>לא ידוע</ManufactureCountry><ManufacturerItemDescription>תרכיז עגבניות  SUN T</ManufacturerItemDescription><SoldByWeight/><Quantity>580.00</Quantity><UnitOfMeasure>גרם     </UnitOfMeasure><QtyInPackage>לא ידוע</QtyInPackage><UnitOfMeasurePrice>0.0136</UnitOfMeasurePrice><AllowDiscount>1</AllowDiscount><ItemStatus>1</ItemStatus><ItemPrice>7.90</ItemPrice></item><item><PriceUpdateDate>2015-02-17 07:16:48</PriceUpdateDate><ItemCode>7290013361806</ItemCode><ItemType>1</ItemType><ItemName>קטשופ 750 גרם המותג</ItemName><ManufacturerName>"המותג"</ManufacturerName><ManufactureCountry>ישראל</ManufactureCountry><ManufacturerItemDescription>קטשופ 750 גרם המותג</ManufacturerItemDescription><SoldByWeight/><Quantity>750.00</Quantity><UnitOfMeasure>גרם     </UnitOfMeasure><QtyInPackage>לא ידוע</QtyInPackage><UnitOfMeasurePrice>0.0119</UnitOfMeasurePrice><AllowDiscount>1</AllowDiscount><ItemStatus>1</ItemStatus><ItemPrice>8.90</ItemPrice></item><item><PriceUpdateDate>2015-05-31 07:14:04</PriceUpdateDate><ItemCode>7290013389381</ItemCode><ItemType>1</ItemType><ItemName>קמח תירס פולנטה 1 ק"</ItemName><ManufacturerName>תומר</ManufacturerName><ManufactureCountry>ישראל</ManufactureCountry><ManufacturerItemDescription>קמח תירס פולנטה 1 ק"</ManufacturerItemDescription><SoldByWeight/><Quantity>1000.00</Quantity><UnitOfMeasure>גרם     </UnitOfMeasure><QtyInPackage>לא ידוע</QtyInPackage><UnitOfMeasurePrice>0.0139</UnitOfMeasurePrice><AllowDiscount>1</AllowDiscount><ItemStatus>1</ItemStatus><ItemPrice>13.90</ItemPrice></item><item><PriceUpdateDate>2015-10-14 11:43:53</PriceUpdateDate><ItemCode>7290013525710</ItemCode><ItemType>1</ItemType><ItemName>חומוס עם טחינה שמיר</ItemName><ManufacturerName>סלטי שמיר</ManufacturerName><ManufactureCountry>ישראל</ManufactureCountry><ManufacturerItemDescription>סלט חומוס עם טחינה 160 גר</ManufacturerItemDescription><SoldByWeight/><Quantity>160.00</Quantity><UnitOfMeasure>גרם     </UnitOfMeasure><QtyInPackage>לא ידוע</QtyInPackage><UnitOfMeasurePrice>0.0313</UnitOfMeasurePrice><AllowDiscount>1</AllowDiscount><ItemStatus>1</ItemStatus><ItemPrice>5.00</ItemPrice></item><item><PriceUpdateDate>2015-10-14 11:43:53</PriceUpdateDate><ItemCode>7290013525727</ItemCode><ItemType>1</ItemType><ItemName>חומוס מסבחה שמיר 160</ItemName><ManufacturerName>סלטי שמיר</ManufacturerName><ManufactureCountry>ישראל</ManufactureCountry><ManufacturerItemDescription>סלט חומוס מסבחה  160 גרם</ManufacturerItemDescription><SoldByWeight/><Quantity>160.00</Quantity><UnitOfMeasure>גרם     </UnitOfMeasure><QtyInPackage>לא ידוע</QtyInPackage><UnitOfMeasurePrice>0.0313</UnitOfMeasurePrice><AllowDiscount>1</AllowDiscount><ItemStatus>1</ItemStatus><ItemPrice>5.00</ItemPrice></item><item><PriceUpdateDate>2016-05-01 12:08:43</PriceUpdateDate><ItemCode>7290013535207</ItemCode><ItemType>1</ItemType><ItemName>נוזל כלים תפוח 1.5 ל</ItemName><ManufacturerName>"המותג"</ManufacturerName><ManufactureCountry>ישראל</ManufactureCountry><ManufacturerItemDescription>נוזל כלים תפוח 1.5 ל</ManufacturerItemDescription><SoldByWeight/><Quantity>1500.00</Quantity><UnitOfMeasure>מ"ל</UnitOfMeasure><QtyInPackage>לא ידוע</QtyInPackage><UnitOfMeasurePrice>0.0067</UnitOfMeasurePrice><AllowDiscount>1</AllowDiscount><ItemStatus>1</ItemStatus><ItemPrice>10.10</ItemPrice></item><item><PriceUpdateDate>2016-05-01 12:08:43</PriceUpdateDate><ItemCode>7290013535214</ItemCode><ItemType>1</ItemType><ItemName>נוזל כלים לימון 1.5</ItemName><ManufacturerName>"המותג"</ManufacturerName><ManufactureCountry>ישראל</ManufactureCountry><ManufacturerItemDescription>נוזל כלים לימון 1.5</ManufacturerItemDescription><SoldByWeight/><Quantity>1500.00</Quantity><UnitOfMeasure>מ"ל</UnitOfMeasure><QtyInPackage>לא ידוע</QtyInPackage><UnitOfMeasurePrice>0.0067</UnitOfMeasurePrice><AllowDiscount>1</AllowDiscount><ItemStatus>1</ItemStatus><ItemPrice>10.10</ItemPrice></item><item><PriceUpdateDate>2016-02-02 05:51:24</PriceUpdateDate><ItemCode>7290013535511</ItemCode><ItemType>1</ItemType><ItemName>ג'ל כביסה ירוק 3 ליט</ItemName><ManufacturerName>"המותג"</ManufacturerName><ManufactureCountry>ישראל</ManufactureCountry><ManufacturerItemDescription>ג'ל כביסה ירוק 3 ליט</ManufacturerItemDescription><SoldByWeight/><Quantity>3000.00</Quantity><UnitOfMeasure>מ"ל</UnitOfMeasure><QtyInPackage>לא ידוע</QtyInPackage><UnitOfMeasurePrice>0.0066</UnitOfMeasurePrice><AllowDiscount>1</AllowDiscount><ItemStatus>1</ItemStatus><ItemPrice>19.90</ItemPrice></item><item><PriceUpdateDate>2015-10-14 10:41:07</PriceUpdateDate><ItemCode>7290013584144</ItemCode><ItemType>1</ItemType><ItemName>ספרייט 500 מ"ל 40% פ</ItemName><ManufacturerName>ספרייט</ManufacturerName><ManufactureCountry>ישראל</ManufactureCountry><ManufacturerItemDescription>ספרייט 500 מל</ManufacturerItemDescription><SoldByWeight/><Quantity>500.00</Quantity><UnitOfMeasure>מ"ל</UnitOfMeasure><QtyInPackage>לא ידוע</QtyInPackage><UnitOfMeasurePrice>0.0146</UnitOfMeasurePrice><AllowDiscount>1</AllowDiscount><ItemStatus>1</ItemStatus><ItemPrice>7.30</ItemPrice></item><item><PriceUpdateDate>2016-03-16 13:06:43</PriceUpdateDate><ItemCode>7290013584182</ItemCode><ItemType>1</ItemType><ItemName>ספרייט 1.5 ליטר 40%</ItemName><ManufacturerName>ספרייט</ManufacturerName><ManufactureCountry>ישראל</ManufactureCountry><ManufacturerItemDescription>ספרייט 1.5 ליטר</ManufacturerItemDescription><SoldByWeight/><Quantity>1500.00</Quantity><UnitOfMeasure>מ"ל</UnitOfMeasure><QtyInPackage>לא ידוע</QtyInPackage><UnitOfMeasurePrice>0.0046</UnitOfMeasurePrice><AllowDiscount>1</AllowDiscount><ItemStatus>1</ItemStatus><ItemPrice>6.90</ItemPrice></item><item><PriceUpdateDate>2015-09-30 23:47:48</PriceUpdateDate><ItemCode>7290013585356</ItemCode><ItemType>1</ItemType><ItemName>FUZA TEA פירות יער 1</ItemName><ManufacturerName>לא ממותג</ManufacturerName><ManufactureCountry>ישראל</ManufactureCountry><ManufacturerItemDescription>תה קר FUZE TEA מנגו אננס</ManufacturerItemDescription><SoldByWeight/><Quantity>1500.00</Quantity><UnitOfMeasure>מ"ל</UnitOfMeasure><QtyInPackage>לא ידוע</QtyInPackage><UnitOfMeasurePrice>0.0048</UnitOfMeasurePrice><AllowDiscount>1</AllowDiscount><ItemStatus>1</ItemStatus><ItemPrice>7.20</ItemPrice></item><item><PriceUpdateDate>2015-11-02 17:20:42</PriceUpdateDate><ItemCode>7290013585387</ItemCode><ItemType>1</ItemType><ItemName>קולה זירו 1 ליטר</ItemName><ManufacturerName>קוקה קולה</ManufacturerName><ManufactureCountry>ישראל</ManufactureCountry><ManufacturerItemDescription>קולה 1 ZERO ליטר</ManufacturerItemDescription><SoldByWeight/><Quantity>1000.00</Quantity><UnitOfMeasure>מ"ל</UnitOfMeasure><QtyInPackage>לא ידוע</QtyInPackage><UnitOfMeasurePrice>0.0061</UnitOfMeasurePrice><AllowDiscount>1</AllowDiscount><ItemStatus>1</ItemStatus><ItemPrice>6.10</ItemPrice></item><item><PriceUpdateDate>2015-10-14 10:41:07</PriceUpdateDate><ItemCode>7290013585394</ItemCode><ItemType>1</ItemType><ItemName>קוקה קולה 1 ליטר</ItemName><ManufacturerName>קוקה קולה</ManufacturerName><ManufactureCountry>ישראל</ManufactureCountry><ManufacturerItemDescription>קוקה קולה 1 ליטר</ManufacturerItemDescription><SoldByWeight/><Quantity>1000.00</Quantity><UnitOfMeasure>מ"ל</UnitOfMeasure><QtyInPackage>לא ידוע</QtyInPackage><UnitOfMeasurePrice>0.0061</UnitOfMeasurePrice><AllowDiscount>1</AllowDiscount><ItemStatus>1</ItemStatus><ItemPrice>6.10</ItemPrice></item><item><PriceUpdateDate>2016-03-29 07:11:09</PriceUpdateDate><ItemCode>7290013585479</ItemCode><ItemType>1</ItemType><ItemName>קוקה קולה זירו 2 ליט</ItemName><ManufacturerName>קוקה קולה</ManufacturerName><ManufactureCountry>ישראל</ManufactureCountry><ManufacturerItemDescription>קוקה קולה זירו 2 ליט</ManufacturerItemDescription><SoldByWeight/><Quantity>2000.00</Quantity><UnitOfMeasure>מ"ל</UnitOfMeasure><QtyInPackage>לא ידוע</QtyInPackage><UnitOfMeasurePrice>0.0040</UnitOfMeasurePrice><AllowDiscount>1</AllowDiscount><ItemStatus>1</ItemStatus><ItemPrice>7.90</ItemPrice></item><item><PriceUpdateDate>2016-03-16 13:06:43</PriceUpdateDate><ItemCode>7290013585851</ItemCode><ItemType>1</ItemType><ItemName>מיץ פריגת תפוז מנדרי</ItemName><ManufacturerName>פריגת</ManufacturerName><ManufactureCountry>ישראל</ManufactureCountry><ManufacturerItemDescription>משקל פריגת פאלפ אשכוליו א</ManufacturerItemDescription><SoldByWeight/><Quantity>1500.00</Quantity><UnitOfMeasure>מ"ל</UnitOfMeasure><QtyInPackage>לא ידוע</QtyInPackage><UnitOfMeasurePrice>0.0046</UnitOfMeasurePrice><AllowDiscount>0</AllowDiscount><ItemStatus>1</ItemStatus><ItemPrice>6.90</ItemPrice></item><item><PriceUpdateDate>2016-05-01 12:08:44</PriceUpdateDate><ItemCode>7290013608017</ItemCode><ItemType>1</ItemType><ItemName>פרימור סחוט פירות הד</ItemName><ManufacturerName>פרימור</ManufacturerName><ManufactureCountry>ישראל</ManufactureCountry><ManufacturerItemDescription>פרימור סחוט פירות הד</ManufacturerItemDescription><SoldByWeight/><Quantity>2000.00</Quantity><UnitOfMeasure>מ"ל</UnitOfMeasure><QtyInPackage>לא ידוע</QtyInPackage><UnitOfMeasurePrice>0.0124</UnitOfMeasurePrice><AllowDiscount>1</AllowDiscount><ItemStatus>1</ItemStatus><ItemPrice>24.90</ItemPrice></item><item><PriceUpdateDate>2016-05-01 12:08:45</PriceUpdateDate><ItemCode>7290013702005</ItemCode><ItemType>1</ItemType><ItemName>שוופס ווטר פירות יער</ItemName><ManufacturerName>שוופס וואטר</ManufacturerName><ManufactureCountry>ישראל</ManufactureCountry><ManufacturerItemDescription>שוופס ווטר פירות יער</ManufacturerItemDescription><SoldByWeight/><Quantity>1500.00</Quantity><UnitOfMeasure>גרם     </UnitOfMeasure><QtyInPackage>לא ידוע</QtyInPackage><UnitOfMeasurePrice>0.0051</UnitOfMeasurePrice><AllowDiscount>1</AllowDiscount><ItemStatus>1</ItemStatus><ItemPrice>7.70</ItemPrice></item><item><PriceUpdateDate>2016-05-01 12:08:45</PriceUpdateDate><ItemCode>7290013702029</ItemCode><ItemType>1</ItemType><ItemName>שוופס ווטר אפרסק 1.5</ItemName><ManufacturerName>שוופס וואטר</ManufacturerName><ManufactureCountry>ישראל</ManufactureCountry><ManufacturerItemDescription>שוופס ווטר אפרסק 1.5</ManufacturerItemDescription><SoldByWeight/><Quantity>1500.00</Quantity><UnitOfMeasure>גרם     </UnitOfMeasure><QtyInPackage>לא ידוע</QtyInPackage><UnitOfMeasurePrice>0.0051</UnitOfMeasurePrice><AllowDiscount>1</AllowDiscount><ItemStatus>1</ItemStatus><ItemPrice>7.70</ItemPrice></item><item><PriceUpdateDate>2016-05-01 12:08:45</PriceUpdateDate><ItemCode>7290013702043</ItemCode><ItemType>1</ItemType><ItemName>שוופס ווטר ענבים 1.5</ItemName><ManufacturerName>שוופס וואטר</ManufacturerName><ManufactureCountry>ישראל</ManufactureCountry><ManufacturerItemDescription>שוופס ווטר ענבים 1.5</ManufacturerItemDescription><SoldByWeight/><Quantity>1500.00</Quantity><UnitOfMeasure>גרם     </UnitOfMeasure><QtyInPackage>לא ידוע</QtyInPackage><UnitOfMeasurePrice>0.0051</UnitOfMeasurePrice><AllowDiscount>1</AllowDiscount><ItemStatus>1</ItemStatus><ItemPrice>7.70</ItemPrice></item><item><PriceUpdateDate>2016-05-01 12:08:45</PriceUpdateDate><ItemCode>7290013702371</ItemCode><ItemType>1</ItemType><ItemName>שוופס ווטר תפוח 1.5</ItemName><ManufacturerName>שוופס וואטר</ManufacturerName><ManufactureCountry>ישראל</ManufactureCountry><ManufacturerItemDescription>שוופס ווטר תפוח 1.5</ManufacturerItemDescription><SoldByWeight/><Quantity>1500.00</Quantity><UnitOfMeasure>מ"ל</UnitOfMeasure><QtyInPackage>לא ידוע</QtyInPackage><UnitOfMeasurePrice>0.0051</UnitOfMeasurePrice><AllowDiscount>1</AllowDiscount><ItemStatus>1</ItemStatus><ItemPrice>7.70</ItemPrice></item><item><PriceUpdateDate>2016-03-29 07:28:46</PriceUpdateDate><ItemCode>7290013702470</ItemCode><ItemType>1</ItemType><ItemName>מב שוופס מוגז לימונד</ItemName><ManufacturerName>שוופס</ManufacturerName><ManufactureCountry>ישראל</ManufactureCountry><ManufacturerItemDescription>שוופס מוגז לימונדה ורודה</ManufacturerItemDescription><SoldByWeight/><Quantity>1500.00</Quantity><UnitOfMeasure>מ"ל</UnitOfMeasure><QtyInPackage>לא ידוע</QtyInPackage><UnitOfMeasurePrice>0.0046</UnitOfMeasurePrice><AllowDiscount>1</AllowDiscount><ItemStatus>1</ItemStatus><ItemPrice>6.90</ItemPrice></item><item><PriceUpdateDate>2016-03-29 07:28:46</PriceUpdateDate><ItemCode>7290013702999</ItemCode><ItemType>1</ItemType><ItemName>מב שוופס פרוטס גוארנ</ItemName><ManufacturerName>שוופס</ManufacturerName><ManufactureCountry>ישראל</ManufactureCountry><ManufacturerItemDescription>מב שוופס פרוטס גוארנ</ManufacturerItemDescription><SoldByWeight/><Quantity>1500.00</Quantity><UnitOfMeasure>מ"ל</UnitOfMeasure><QtyInPackage>לא ידוע</QtyInPackage><UnitOfMeasurePrice>0.0046</UnitOfMeasurePrice><AllowDiscount>1</AllowDiscount><ItemStatus>1</ItemStatus><ItemPrice>6.90</ItemPrice></item><item><PriceUpdateDate>2015-09-30 23:47:48</PriceUpdateDate><ItemCode>7290013711656</ItemCode><ItemType>1</ItemType><ItemName>גרעיני תירס מתוק 340</ItemName><ManufacturerName>"המותג"</ManufacturerName><ManufactureCountry>ישראל</ManufactureCountry><ManufacturerItemDescription>גרעיני תירס מתוק 340</ManufacturerItemDescription><SoldByWeight/><Quantity>340.00</Quantity><UnitOfMeasure>גרם     </UnitOfMeasure><QtyInPackage>לא ידוע</QtyInPackage><UnitOfMeasurePrice>0.0153</UnitOfMeasurePrice><AllowDiscount>1</AllowDiscount><ItemStatus>1</ItemStatus><ItemPrice>5.20</ItemPrice></item><item><PriceUpdateDate>2015-11-02 17:20:45</PriceUpdateDate><ItemCode>7290013711694</ItemCode><ItemType>1</ItemType><ItemName>שעועית לבנה אפויה בר</ItemName><ManufacturerName>"המותג"</ManufacturerName><ManufactureCountry>ישראל</ManufactureCountry><ManufacturerItemDescription>שעועית לבנה אפויה בר</ManufacturerItemDescription><SoldByWeight/><Quantity>550.00</Quantity><UnitOfMeasure>גרם     </UnitOfMeasure><QtyInPackage>לא ידוע</QtyInPackage><UnitOfMeasurePrice>0.0098</UnitOfMeasurePrice><AllowDiscount>1</AllowDiscount><ItemStatus>1</ItemStatus><ItemPrice>5.40</ItemPrice></item><item><PriceUpdateDate>2015-10-12 11:12:53</PriceUpdateDate><ItemCode>7290013711700</ItemCode><ItemType>1</ItemType><ItemName>חומוס שלם מוכן לאכיל</ItemName><ManufacturerName>"המותג"</ManufacturerName><ManufactureCountry>ישראל</ManufactureCountry><ManufacturerItemDescription>חומוס שלם מוכן לאכיל</ManufacturerItemDescription><SoldByWeight/><Quantity>560.00</Quantity><UnitOfMeasure>גרם     </UnitOfMeasure><QtyInPackage>לא ידוע</QtyInPackage><UnitOfMeasurePrice>0.0096</UnitOfMeasurePrice><AllowDiscount>1</AllowDiscount><ItemStatus>1</ItemStatus><ItemPrice>5.40</ItemPrice></item><item><PriceUpdateDate>2015-11-15 20:35:38</PriceUpdateDate><ItemCode>7290013711717</ItemCode><ItemType>1</ItemType><ItemName>פול מיצרי מוכן לאכיל</ItemName><ManufacturerName>"המותג"</ManufacturerName><ManufactureCountry>ישראל</ManufactureCountry><ManufacturerItemDescription>פול מיצרי מוכן לאכיל</ManufacturerItemDescription><SoldByWeight/><Quantity>560.00</Quantity><UnitOfMeasure>גרם     </UnitOfMeasure><QtyInPackage>לא ידוע</QtyInPackage><UnitOfMeasurePrice>0.0096</UnitOfMeasurePrice><AllowDiscount>1</AllowDiscount><ItemStatus>1</ItemStatus><ItemPrice>5.40</ItemPrice></item><item><PriceUpdateDate>2016-02-23 08:21:20</PriceUpdateDate><ItemCode>7290013847102</ItemCode><ItemType>1</ItemType><ItemName>טונה סטארקיסט בשמן 8</ItemName><ManufacturerName>סטארקיסט</ManufacturerName><ManufactureCountry>ישראל</ManufactureCountry><ManufacturerItemDescription>טונה סטארקיסט בשמן 8</ManufacturerItemDescription><SoldByWeight/><Quantity>240.00</Quantity><UnitOfMeasure>גרם     </UnitOfMeasure><QtyInPackage>לא ידוע</QtyInPackage><UnitOfMeasurePrice>0.0621</UnitOfMeasurePrice><AllowDiscount>1</AllowDiscount><ItemStatus>1</ItemStatus><ItemPrice>14.90</ItemPrice></item><item><PriceUpdateDate>2016-02-17 06:56:27</PriceUpdateDate><ItemCode>7290013847546</ItemCode><ItemType>1</ItemType><ItemName>סטארקיסט רביעייה דל</ItemName><ManufacturerName>סטארקיסט</ManufacturerName><ManufactureCountry>ישראל</ManufactureCountry><ManufacturerItemDescription>טונה סטארקיסט בשמן</ManufacturerItemDescription><SoldByWeight/><Quantity>640.00</Quantity><UnitOfMeasure>גרם     </UnitOfMeasure><QtyInPackage>לא ידוע</QtyInPackage><UnitOfMeasurePrice>0.0452</UnitOfMeasurePrice><AllowDiscount>1</AllowDiscount><ItemStatus>1</ItemStatus><ItemPrice>28.90</ItemPrice></item><item><PriceUpdateDate>2016-02-15 08:41:19</PriceUpdateDate><ItemCode>7290013847614</ItemCode><ItemType>1</ItemType><ItemName>סטארקיסט לה סלט ברוט</ItemName><ManufacturerName>סטארקיסט</ManufacturerName><ManufactureCountry>לא ידוע</ManufactureCountry><ManufacturerItemDescription>סטארקיסט לה סלט ברוט</ManufacturerItemDescription><SoldByWeight/><Quantity>160.00</Quantity><UnitOfMeasure>גרם     </UnitOfMeasure><QtyInPackage>לא ידוע</QtyInPackage><UnitOfMeasurePrice>0.0494</UnitOfMeasurePrice><AllowDiscount>1</AllowDiscount><ItemStatus>1</ItemStatus><ItemPrice>7.90</ItemPrice></item><item><PriceUpdateDate>2015-12-01 07:18:12</PriceUpdateDate><ItemCode>7290013847652</ItemCode><ItemType>1</ItemType><ItemName>סטארקיסט לה סנדביץ ע</ItemName><ManufacturerName>סטארקיסט</ManufacturerName><ManufactureCountry>לא ידוע</ManufactureCountry><ManufacturerItemDescription>סטארקיסט לה סנדביץ ע</ManufacturerItemDescription><SoldByWeight/><Quantity>200.00</Quantity><UnitOfMeasure>גרם     </UnitOfMeasure><QtyInPackage>לא ידוע</QtyInPackage><UnitOfMeasurePrice>0.0505</UnitOfMeasurePrice><AllowDiscount>1</AllowDiscount><ItemStatus>1</ItemStatus><ItemPrice>10.10</ItemPrice></item><item><PriceUpdateDate>2015-12-01 07:18:12</PriceUpdateDate><ItemCode>7290013847676</ItemCode><ItemType>1</ItemType><ItemName>סטארקיסט לה סנדביץ ע</ItemName><ManufacturerName>סטארקיסט</ManufacturerName><ManufactureCountry>לא ידוע</ManufactureCountry><ManufacturerItemDescription>סטארקיסט לה סנדביץ ע</ManufacturerItemDescription><SoldByWeight/><Quantity>200.00</Quantity><UnitOfMeasure>גרם     </UnitOfMeasure><QtyInPackage>לא ידוע</QtyInPackage><UnitOfMeasurePrice>0.0505</UnitOfMeasurePrice><AllowDiscount>1</AllowDiscount><ItemStatus>1</ItemStatus><ItemPrice>10.10</ItemPrice></item><item><PriceUpdateDate>2016-05-01 10:28:48</PriceUpdateDate><ItemCode>7290013848130</ItemCode><ItemType>1</ItemType><ItemName>מב תחליב רחצה כיף או</ItemName><ManufacturerName>כיף</ManufacturerName><ManufactureCountry>ישראל</ManufactureCountry><ManufacturerItemDescription>מב תחליב רחצה כיף או</ManufacturerItemDescription><SoldByWeight/><Quantity>750.00</Quantity><UnitOfMeasure>מ"ל</UnitOfMeasure><QtyInPackage>לא ידוע</QtyInPackage><UnitOfMeasurePrice>0.0145</UnitOfMeasurePrice><AllowDiscount>1</AllowDiscount><ItemStatus>1</ItemStatus><ItemPrice>10.90</ItemPrice></item><item><PriceUpdateDate>2016-02-02 05:56:21</PriceUpdateDate><ItemCode>7290013848987</ItemCode><ItemType>1</ItemType><ItemName>מב דאו' קרמה ספריי מ</ItemName><ManufacturerName>קרמה</ManufacturerName><ManufactureCountry>ישראל</ManufactureCountry><ManufacturerItemDescription>מב דאו' קרמה ספריי מ</ManufacturerItemDescription><SoldByWeight/><Quantity>150.00</Quantity><UnitOfMeasure>מ"ל</UnitOfMeasure><QtyInPackage>לא ידוע</QtyInPackage><UnitOfMeasurePrice>0.0927</UnitOfMeasurePrice><AllowDiscount>1</AllowDiscount><ItemStatus>1</ItemStatus><ItemPrice>13.90</ItemPrice></item><item><PriceUpdateDate>2015-11-15 20:35:39</PriceUpdateDate><ItemCode>7290013861375</ItemCode><ItemType>1</ItemType><ItemName>בוטנים קלויים 400 גר</ItemName><ManufacturerName>"המותג"</ManufacturerName><ManufactureCountry>לא ידוע</ManufactureCountry><ManufacturerItemDescription>בוטנים קלויים 400 גר</ManufacturerItemDescription><SoldByWeight/><Quantity>400.00</Quantity><UnitOfMeasure>גרם     </UnitOfMeasure><QtyInPackage>לא ידוע</QtyInPackage><UnitOfMeasurePrice>0.0325</UnitOfMeasurePrice><AllowDiscount>1</AllowDiscount><ItemStatus>1</ItemStatus><ItemPrice>13.00</ItemPrice></item><item><PriceUpdateDate>2016-03-29 07:28:46</PriceUpdateDate><ItemCode>7290013861870</ItemCode><ItemType>1</ItemType><ItemName>מב סילאן (דבש תמרים)</ItemName><ManufacturerName>"המותג"</ManufacturerName><ManufactureCountry>לא ידוע</ManufactureCountry><ManufacturerItemDescription>מב סילאן (דבש תמרים)</ManufacturerItemDescription><SoldByWeight/><Quantity>900.00</Quantity><UnitOfMeasure>גרם     </UnitOfMeasure><QtyInPackage>לא ידוע</QtyInPackage><UnitOfMeasurePrice>0.0143</UnitOfMeasurePrice><AllowDiscount>1</AllowDiscount><ItemStatus>1</ItemStatus><ItemPrice>12.90</ItemPrice></item><item><PriceUpdateDate>2016-05-01 12:08:47</PriceUpdateDate><ItemCode>7290013867285</ItemCode><ItemType>1</ItemType><ItemName>ממרח אגוזי לוז 350 ג</ItemName><ManufacturerName>"המותג"</ManufacturerName><ManufactureCountry>לא ידוע</ManufactureCountry><ManufacturerItemDescription>ממרח אגוזי לוז 350 ג</ManufacturerItemDescription><SoldByWeight/><Quantity>350.00</Quantity><UnitOfMeasure>גרם     </UnitOfMeasure><QtyInPackage>לא ידוע</QtyInPackage><UnitOfMeasurePrice>0.0283</UnitOfMeasurePrice><AllowDiscount>1</AllowDiscount><ItemStatus>1</ItemStatus><ItemPrice>9.90</ItemPrice></item><item><PriceUpdateDate>2016-03-01 06:45:03</PriceUpdateDate><ItemCode>7290013906205</ItemCode><ItemType>1</ItemType><ItemName>מב פסטרמה שום וצ'ילי</ItemName><ManufacturerName>טירת צבי</ManufacturerName><ManufactureCountry>ישראל</ManufactureCountry><ManufacturerItemDescription>מב פסטרמה שום וצ'ילי</ManufacturerItemDescription><SoldByWeight/><Quantity>400.00</Quantity><UnitOfMeasure>גרם     </UnitOfMeasure><QtyInPackage>לא ידוע</QtyInPackage><UnitOfMeasurePrice>0.0622</UnitOfMeasurePrice><AllowDiscount>1</AllowDiscount><ItemStatus>1</ItemStatus><ItemPrice>24.90</ItemPrice></item><item><PriceUpdateDate>2016-03-29 07:28:46</PriceUpdateDate><ItemCode>7290013906755</ItemCode><ItemType>1</ItemType><ItemName>מב פסטרמה ברבקיו מרכ</ItemName><ManufacturerName>טירת צבי</ManufacturerName><ManufactureCountry>ישראל</ManufactureCountry><ManufacturerItemDescription>מב פסטרמה ברבקיו מרכ</ManufacturerItemDescription><SoldByWeight/><Quantity>200.00</Quantity><UnitOfMeasure>גרם     </UnitOfMeasure><QtyInPackage>לא ידוע</QtyInPackage><UnitOfMeasurePrice>0.0745</UnitOfMeasurePrice><AllowDiscount>1</AllowDiscount><ItemStatus>1</ItemStatus><ItemPrice>14.90</ItemPrice></item><item><PriceUpdateDate>2016-03-29 07:28:46</PriceUpdateDate><ItemCode>7290013906762</ItemCode><ItemType>1</ItemType><ItemName>מב פסטרמה בדבש וסילא</ItemName><ManufacturerName>טירת צבי</ManufacturerName><ManufactureCountry>ישראל</ManufactureCountry><ManufacturerItemDescription>מב פסטרמה בדבש וסילא</ManufacturerItemDescription><SoldByWeight/><Quantity>200.00</Quantity><UnitOfMeasure>גרם     </UnitOfMeasure><QtyInPackage>לא ידוע</QtyInPackage><UnitOfMeasurePrice>0.0745</UnitOfMeasurePrice><AllowDiscount>1</AllowDiscount><ItemStatus>1</ItemStatus><ItemPrice>14.90</ItemPrice></item><item><PriceUpdateDate>2016-05-01 12:08:47</PriceUpdateDate><ItemCode>7290013906786</ItemCode><ItemType>1</ItemType><ItemName>מב נקניקיות וינר  70</ItemName><ManufacturerName>טירת צבי</ManufacturerName><ManufactureCountry>ישראל</ManufactureCountry><ManufacturerItemDescription>נקניקיות קרנץ הודו 500 גר</ManufacturerItemDescription><SoldByWeight/><Quantity>700.00</Quantity><UnitOfMeasure>גרם     </UnitOfMeasure><QtyInPackage>לא ידוע</QtyInPackage><UnitOfMeasurePrice>0.0213</UnitOfMeasurePrice><AllowDiscount>1</AllowDiscount><ItemStatus>1</ItemStatus><ItemPrice>14.90</ItemPrice></item><item><PriceUpdateDate>2016-03-29 07:11:10</PriceUpdateDate><ItemCode>7290014002074</ItemCode><ItemType>1</ItemType><ItemName>תה ויסוצקידס בטעם פט</ItemName><ManufacturerName>ויסוצקידס</ManufacturerName><ManufactureCountry>ישראל</ManufactureCountry><ManufacturerItemDescription>ויסוצקידס חליטת פטל</ManufacturerItemDescription><SoldByWeight/><Quantity>0.00</Quantity><UnitOfMeasure>גרם     </UnitOfMeasure><QtyInPackage>לא ידוע</QtyInPackage><UnitOfMeasurePrice>0.0000</UnitOfMeasurePrice><AllowDiscount>1</AllowDiscount><ItemStatus>1</ItemStatus><ItemPrice>20.30</ItemPrice></item><item><PriceUpdateDate>2015-08-11 07:03:27</PriceUpdateDate><ItemCode>729001400264</ItemCode><ItemType>1</ItemType><ItemName>תה ירוק לימונית לואי</ItemName><ManufacturerName>ויסוצקי</ManufacturerName><ManufactureCountry>לא ידוע</ManufactureCountry><ManufacturerItemDescription>תה ירוק לימונית לואי</ManufacturerItemDescription><SoldByWeight/><Quantity>23.00</Quantity><UnitOfMeasure>גרם     </UnitOfMeasure><QtyInPackage>לא ידוע</QtyInPackage><UnitOfMeasurePrice>0.6913</UnitOfMeasurePrice><AllowDiscount>1</AllowDiscount><ItemStatus>1</ItemStatus><ItemPrice>15.90</ItemPrice></item><item><PriceUpdateDate>2016-05-01 12:08:50</PriceUpdateDate><ItemCode>7290014002982</ItemCode><ItemType>1</ItemType><ItemName>תה ירוק לימונית לואי</ItemName><ManufacturerName>ויסוצקי</ManufacturerName><ManufactureCountry>ישראל</ManufactureCountry><ManufacturerItemDescription>תה ירוק בתוספת סטיביה</ManufacturerItemDescription><SoldByWeight/><Quantity>38.00</Quantity><UnitOfMeasure>גרם     </UnitOfMeasure><QtyInPackage>לא ידוע</QtyInPackage><UnitOfMeasurePrice>0.6553</UnitOfMeasurePrice><AllowDiscount>1</AllowDiscount><ItemStatus>1</ItemStatus><ItemPrice>24.90</ItemPrice></item><item><PriceUpdateDate>2016-03-29 07:11:10</PriceUpdateDate><ItemCode>7290014046504</ItemCode><ItemType>1</ItemType><ItemName>מב פסטרמה ברביקיו דק</ItemName><ManufacturerName>יחיעם</ManufacturerName><ManufactureCountry>ישראל</ManufactureCountry><ManufacturerItemDescription>פסטרמה ברביקיו דק דק 140</ManufacturerItemDescription><SoldByWeight/><Quantity>140.00</Quantity><UnitOfMeasure>גרם     </UnitOfMeasure><QtyInPackage>לא ידוע</QtyInPackage><UnitOfMeasurePrice>0.0850</UnitOfMeasurePrice><AllowDiscount>1</AllowDiscount><ItemStatus>1</ItemStatus><ItemPrice>11.90</ItemPrice></item><item><PriceUpdateDate>2016-03-29 07:11:10</PriceUpdateDate><ItemCode>7290014046528</ItemCode><ItemType>1</ItemType><ItemName>מב פסטרמה של פעם דק</ItemName><ManufacturerName>יחיעם</ManufacturerName><ManufactureCountry>ישראל</ManufactureCountry><ManufacturerItemDescription>מב פסטרמה של פעם דק</ManufacturerItemDescription><SoldByWeight/><Quantity>140.00</Quantity><UnitOfMeasure>גרם     </UnitOfMeasure><QtyInPackage>לא ידוע</QtyInPackage><UnitOfMeasurePrice>0.0850</UnitOfMeasurePrice><AllowDiscount>1</AllowDiscount><ItemStatus>1</ItemStatus><ItemPrice>11.90</ItemPrice></item><item><PriceUpdateDate>2015-10-15 12:36:56</PriceUpdateDate><ItemCode>7290014050334</ItemCode><ItemType>1</ItemType><ItemName>שלגון ג'ויה וניל עם</ItemName><ManufacturerName>ג'ויה</ManufacturerName><ManufactureCountry>ישראל</ManufactureCountry><ManufacturerItemDescription>שלגון טעם וניל ריבת חלב ו</ManufacturerItemDescription><SoldByWeight/><Quantity>90.00</Quantity><UnitOfMeasure>גרם     </UnitOfMeasure><QtyInPackage>לא ידוע</QtyInPackage><UnitOfMeasurePrice>0.1100</UnitOfMeasurePrice><AllowDiscount>1</AllowDiscount><ItemStatus>1</ItemStatus><ItemPrice>9.90</ItemPrice></item><item><PriceUpdateDate>2016-02-08 10:36:28</PriceUpdateDate><ItemCode>7290014083424</ItemCode><ItemType>1</ItemType><ItemName>אורז פרסי מובחר 1 ק'</ItemName><ManufacturerName>לא ממותג</ManufacturerName><ManufactureCountry>ישראל</ManufactureCountry><ManufacturerItemDescription>אורז פרסי 1 קג ויליפוד</ManufacturerItemDescription><SoldByWeight/><Quantity>1000.00</Quantity><UnitOfMeasure>גרם     </UnitOfMeasure><QtyInPackage>לא ידוע</QtyInPackage><UnitOfMeasurePrice>0.0069</UnitOfMeasurePrice><AllowDiscount>1</AllowDiscount><ItemStatus>1</ItemStatus><ItemPrice>6.90</ItemPrice></item><item><PriceUpdateDate>2016-01-14 06:59:41</PriceUpdateDate><ItemCode>7290014094741</ItemCode><ItemType>1</ItemType><ItemName>קשיו קלוי 170 גרם המ</ItemName><ManufacturerName>"המותג"</ManufacturerName><ManufactureCountry>לא ידוע</ManufactureCountry><ManufacturerItemDescription>קשיו קלוי 170 גרם המ</ManufacturerItemDescription><SoldByWeight/><Quantity>170.00</Quantity><UnitOfMeasure>גרם     </UnitOfMeasure><QtyInPackage>לא ידוע</QtyInPackage><UnitOfMeasurePrice>0.0588</UnitOfMeasurePrice><AllowDiscount>1</AllowDiscount><ItemStatus>1</ItemStatus><ItemPrice>10.00</ItemPrice></item><item><PriceUpdateDate>2015-12-27 08:44:53</PriceUpdateDate><ItemCode>7290014094772</ItemCode><ItemType>1</ItemType><ItemName>גרעין אבטיח קלוי 170</ItemName><ManufacturerName>"המותג"</ManufacturerName><ManufactureCountry>לא ידוע</ManufactureCountry><ManufacturerItemDescription>גרעין אבטיח קלוי 170</ManufacturerItemDescription><SoldByWeight/><Quantity>170.00</Quantity><UnitOfMeasure>גרם     </UnitOfMeasure><QtyInPackage>לא ידוע</QtyInPackage><UnitOfMeasurePrice>0.0588</UnitOfMeasurePrice><AllowDiscount>1</AllowDiscount><ItemStatus>1</ItemStatus><ItemPrice>10.00</ItemPrice></item><item><PriceUpdateDate>2014-12-01 06:28:24</PriceUpdateDate><ItemCode>7290014217027</ItemCode><ItemType>1</ItemType><ItemName>מיכל T-BUL עוף 120 ג</ItemName><ManufacturerName>לא ממותג</ManufacturerName><ManufactureCountry>ישראל</ManufactureCountry><ManufacturerItemDescription>מיכל T-BUL עוף 120 ג</ManufacturerItemDescription><SoldByWeight/><Quantity>120.00</Quantity><UnitOfMeasure>גרם     </UnitOfMeasure><QtyInPackage>לא ידוע</QtyInPackage><UnitOfMeasurePrice>0.1225</UnitOfMeasurePrice><AllowDiscount>1</AllowDiscount><ItemStatus>1</ItemStatus><ItemPrice>14.70</ItemPrice></item><item><PriceUpdateDate>2014-12-01 06:28:24</PriceUpdateDate><ItemCode>7290014217348</ItemCode><ItemType>1</ItemType><ItemName>מיכל צ'ילי כתוש 70 ג</ItemName><ManufacturerName>תבליני טעם וריח</ManufacturerName><ManufactureCountry>ישראל</ManufactureCountry><ManufacturerItemDescription>מיכל צ'ילי כתוש 70 ג</ManufacturerItemDescription><SoldByWeight/><Quantity>70.00</Quantity><UnitOfMeasure>גרם     </UnitOfMeasure><QtyInPackage>לא ידוע</QtyInPackage><UnitOfMeasurePrice>0.1700</UnitOfMeasurePrice><AllowDiscount>1</AllowDiscount><ItemStatus>1</ItemStatus><ItemPrice>11.90</ItemPrice></item><item><PriceUpdateDate>2014-12-01 06:28:24</PriceUpdateDate><ItemCode>7290014217362</ItemCode><ItemType>1</ItemType><ItemName>מיכל תיבול לקציצות 1</ItemName><ManufacturerName>תבליני טעם וריח</ManufacturerName><ManufactureCountry>ישראל</ManufactureCountry><ManufacturerItemDescription>מיכל תיבול לקציצות 1</ManufacturerItemDescription><SoldByWeight/><Quantity>100.00</Quantity><UnitOfMeasure>גרם     </UnitOfMeasure><QtyInPackage>לא ידוע</QtyInPackage><UnitOfMeasurePrice>0.1100</UnitOfMeasurePrice><AllowDiscount>1</AllowDiscount><ItemStatus>1</ItemStatus><ItemPrice>11.00</ItemPrice></item><item><PriceUpdateDate>2016-03-29 07:11:11</PriceUpdateDate><ItemCode>7290014218130</ItemCode><ItemType>1</ItemType><ItemName>פיצה דקה מעדנות 380</ItemName><ManufacturerName>מעדנות</ManufacturerName><ManufactureCountry>לא ידוע</ManufactureCountry><ManufacturerItemDescription>פיצה דקה מעדנות 380</ManufacturerItemDescription><SoldByWeight/><Quantity>380.00</Quantity><UnitOfMeasure>גרם     </UnitOfMeasure><QtyInPackage>לא ידוע</QtyInPackage><UnitOfMeasurePrice>0.0418</UnitOfMeasurePrice><AllowDiscount>1</AllowDiscount><ItemStatus>1</ItemStatus><ItemPrice>15.90</ItemPrice></item><item><PriceUpdateDate>2016-03-29 07:11:11</PriceUpdateDate><ItemCode>7290014218154</ItemCode><ItemType>1</ItemType><ItemName>פיצה דקה בתיבול שום</ItemName><ManufacturerName>מעדנות</ManufacturerName><ManufactureCountry>לא ידוע</ManufactureCountry><ManufacturerItemDescription>פיצה דקה בתיבול שום</ManufacturerItemDescription><SoldByWeight/><Quantity>410.00</Quantity><UnitOfMeasure>גרם     </UnitOfMeasure><QtyInPackage>לא ידוע</QtyInPackage><UnitOfMeasurePrice>0.0388</UnitOfMeasurePrice><AllowDiscount>1</AllowDiscount><ItemStatus>1</ItemStatus><ItemPrice>15.90</ItemPrice></item><item><PriceUpdateDate>2016-05-01 12:08:55</PriceUpdateDate><ItemCode>7290014397507</ItemCode><ItemType>1</ItemType><ItemName>סנופרש הום 350 מ"ל ב</ItemName><ManufacturerName>סנו פרש</ManufacturerName><ManufactureCountry>ישראל</ManufactureCountry><ManufacturerItemDescription>סנופרש הום 350 מ"ל ב</ManufacturerItemDescription><SoldByWeight/><Quantity>350.00</Quantity><UnitOfMeasure>מ"ל</UnitOfMeasure><QtyInPackage>לא ידוע</QtyInPackage><UnitOfMeasurePrice>0.0511</UnitOfMeasurePrice><AllowDiscount>1</AllowDiscount><ItemStatus>1</ItemStatus><ItemPrice>17.90</ItemPrice></item><item><PriceUpdateDate>2015-11-02 17:20:48</PriceUpdateDate><ItemCode>7290014397767</ItemCode><ItemType>1</ItemType><ItemName>סנו ריצפז פרש הום כו</ItemName><ManufacturerName>ריצפז</ManufacturerName><ManufactureCountry>ישראל</ManufactureCountry><ManufacturerItemDescription>סנו ריצפז פרש הום כו</ManufacturerItemDescription><SoldByWeight/><Quantity>2000.00</Quantity><UnitOfMeasure>מ"ל</UnitOfMeasure><QtyInPackage>לא ידוע</QtyInPackage><UnitOfMeasurePrice>0.0137</UnitOfMeasurePrice><AllowDiscount>1</AllowDiscount><ItemStatus>1</ItemStatus><ItemPrice>27.40</ItemPrice></item><item><PriceUpdateDate>2016-05-01 10:29:04</PriceUpdateDate><ItemCode>7290014397958</ItemCode><ItemType>1</ItemType><ItemName>מב סנו די רולאון דוח</ItemName><ManufacturerName>סנו די</ManufacturerName><ManufactureCountry>ישראל</ManufactureCountry><ManufacturerItemDescription>מב סנו די רולאון דוח</ManufacturerItemDescription><SoldByWeight/><Quantity>50.00</Quantity><UnitOfMeasure>גרם     </UnitOfMeasure><QtyInPackage>לא ידוע</QtyInPackage><UnitOfMeasurePrice>0.3780</UnitOfMeasurePrice><AllowDiscount>1</AllowDiscount><ItemStatus>1</ItemStatus><ItemPrice>18.90</ItemPrice></item><item><PriceUpdateDate>2015-12-15 06:35:09</PriceUpdateDate><ItemCode>7290014455245</ItemCode><ItemType>1</ItemType><ItemName>גבינה גרנה פדנו משול</ItemName><ManufacturerName>גד</ManufacturerName><ManufactureCountry>ישראל</ManufactureCountry><ManufacturerItemDescription>גבינה גרנה פדנו משול</ManufacturerItemDescription><SoldByWeight/><Quantity>200.00</Quantity><UnitOfMeasure>גרם     </UnitOfMeasure><QtyInPackage>לא ידוע</QtyInPackage><UnitOfMeasurePrice>0.1245</UnitOfMeasurePrice><AllowDiscount>1</AllowDiscount><ItemStatus>1</ItemStatus><ItemPrice>24.90</ItemPrice></item><item><PriceUpdateDate>2016-01-06 09:13:10</PriceUpdateDate><ItemCode>7290014455467</ItemCode><ItemType>1</ItemType><ItemName>מעדן שיבולת שועל וחל</ItemName><ManufacturerName>גד</ManufacturerName><ManufactureCountry>ישראל</ManufactureCountry><ManufacturerItemDescription>מעדן חלב עם אורז 150 - 3%</ManufacturerItemDescription><SoldByWeight/><Quantity>150.00</Quantity><UnitOfMeasure>מ"ל</UnitOfMeasure><QtyInPackage>לא ידוע</QtyInPackage><UnitOfMeasurePrice>0.0393</UnitOfMeasurePrice><AllowDiscount>1</AllowDiscount><ItemStatus>1</ItemStatus><ItemPrice>5.90</ItemPrice></item><item><PriceUpdateDate>2015-11-12 07:12:57</PriceUpdateDate><ItemCode>7290014471061</ItemCode><ItemType>1</ItemType><ItemName>צ'וקטה וופלים בציפוי</ItemName><ManufacturerName>יוגטה</ManufacturerName><ManufactureCountry>ישראל</ManufactureCountry><ManufacturerItemDescription>צוקטה וופלים בציפוי שוקול</ManufacturerItemDescription><SoldByWeight/><Quantity>70.00</Quantity><UnitOfMeasure>גרם     </UnitOfMeasure><QtyInPackage>לא ידוע</QtyInPackage><UnitOfMeasurePrice>0.1100</UnitOfMeasurePrice><AllowDiscount>1</AllowDiscount><ItemStatus>1</ItemStatus><ItemPrice>7.70</ItemPrice></item><item><PriceUpdateDate>2015-11-17 19:34:22</PriceUpdateDate><ItemCode>7290014471191</ItemCode><ItemType>1</ItemType><ItemName>חמוציות 200 גרם המות</ItemName><ManufacturerName>"המותג"</ManufacturerName><ManufactureCountry>לא ידוע</ManufactureCountry><ManufacturerItemDescription>חמוציות 200 גרם המות</ManufacturerItemDescription><SoldByWeight/><Quantity>200.00</Quantity><UnitOfMeasure>גרם     </UnitOfMeasure><QtyInPackage>לא ידוע</QtyInPackage><UnitOfMeasurePrice>0.0500</UnitOfMeasurePrice><AllowDiscount>1</AllowDiscount><ItemStatus>1</ItemStatus><ItemPrice>10.00</ItemPrice></item><item><PriceUpdateDate>2016-02-02 05:56:24</PriceUpdateDate><ItemCode>7290014534001</ItemCode><ItemType>1</ItemType><ItemName>מב תרסיס שמן קנולה ל</ItemName><ManufacturerName>לא ממותג</ManufacturerName><ManufactureCountry>ישראל</ManufactureCountry><ManufacturerItemDescription>מב תרסיס שמן קנולה ל</ManufacturerItemDescription><SoldByWeight/><Quantity>170.00</Quantity><UnitOfMeasure>גרם     </UnitOfMeasure><QtyInPackage>לא ידוע</QtyInPackage><UnitOfMeasurePrice>0.0641</UnitOfMeasurePrice><AllowDiscount>1</AllowDiscount><ItemStatus>1</ItemStatus><ItemPrice>10.90</ItemPrice></item><item><PriceUpdateDate>2016-01-04 21:31:06</PriceUpdateDate><ItemCode>7290014555099</ItemCode><ItemType>1</ItemType><ItemName>מרכך כביסה מרוכז 1 ל</ItemName><ManufacturerName>"המותג"</ManufacturerName><ManufactureCountry>ישראל</ManufactureCountry><ManufacturerItemDescription>מרכך כביסה מרוכז 1 ל</ManufacturerItemDescription><SoldByWeight/><Quantity>1000.00</Quantity><UnitOfMeasure>מ"ל</UnitOfMeasure><QtyInPackage>לא ידוע</QtyInPackage><UnitOfMeasurePrice>0.0109</UnitOfMeasurePrice><AllowDiscount>1</AllowDiscount><ItemStatus>1</ItemStatus><ItemPrice>10.90</ItemPrice></item><item><PriceUpdateDate>2016-05-01 12:08:58</PriceUpdateDate><ItemCode>7290014603073</ItemCode><ItemType>1</ItemType><ItemName>מאגדת מיני מגנום דאב</ItemName><ManufacturerName>שטראוס גלידה</ManufacturerName><ManufactureCountry>ישראל</ManufactureCountry><ManufacturerItemDescription>מאגדת מיני מגנום דאבל שוק</ManufacturerItemDescription><SoldByWeight/><Quantity>310.00</Quantity><UnitOfMeasure>גרם     </UnitOfMeasure><QtyInPackage>לא ידוע</QtyInPackage><UnitOfMeasurePrice>0.0965</UnitOfMeasurePrice><AllowDiscount>1</AllowDiscount><ItemStatus>1</ItemStatus><ItemPrice>29.90</ItemPrice></item><item><PriceUpdateDate>2016-03-29 07:28:48</PriceUpdateDate><ItemCode>7290014603547</ItemCode><ItemType>1</ItemType><ItemName>מב גלידות קרמיסימו ס</ItemName><ManufacturerName>קרמיסימו</ManufacturerName><ManufactureCountry>ישראל</ManufactureCountry><ManufacturerItemDescription>קרמיסימו סנדיי וניל שוקול</ManufacturerItemDescription><SoldByWeight/><Quantity>1330.00</Quantity><UnitOfMeasure>מ"ל</UnitOfMeasure><QtyInPackage>לא ידוע</QtyInPackage><UnitOfMeasurePrice>0.0142</UnitOfMeasurePrice><AllowDiscount>1</AllowDiscount><ItemStatus>1</ItemStatus><ItemPrice>18.90</ItemPrice></item><item><PriceUpdateDate>2016-03-29 07:28:48</PriceUpdateDate><ItemCode>7290014603820</ItemCode><ItemType>1</ItemType><ItemName>מב גלידות קרמיסימו ו</ItemName><ManufacturerName>שטראוס גלידה</ManufacturerName><ManufactureCountry>ישראל</ManufactureCountry><ManufacturerItemDescription>קרמיסימו ונילה פקאן</ManufacturerItemDescription><SoldByWeight/><Quantity>665.00</Quantity><UnitOfMeasure>גרם     </UnitOfMeasure><QtyInPackage>לא ידוע</QtyInPackage><UnitOfMeasurePrice>0.0284</UnitOfMeasurePrice><AllowDiscount>1</AllowDiscount><ItemStatus>1</ItemStatus><ItemPrice>18.90</ItemPrice></item><item><PriceUpdateDate>2016-01-05 05:45:18</PriceUpdateDate><ItemCode>7290014603974</ItemCode><ItemType>1</ItemType><ItemName>מב גלידת קארט דור אל</ItemName><ManufacturerName>שטראוס גלידה</ManufacturerName><ManufactureCountry>ישראל</ManufactureCountry><ManufacturerItemDescription>קארט דור אלפחורס</ManufacturerItemDescription><SoldByWeight/><Quantity>520.00</Quantity><UnitOfMeasure>מ"ל</UnitOfMeasure><QtyInPackage>לא ידוע</QtyInPackage><UnitOfMeasurePrice>0.0287</UnitOfMeasurePrice><AllowDiscount>1</AllowDiscount><ItemStatus>1</ItemStatus><ItemPrice>14.90</ItemPrice></item><item><PriceUpdateDate>2016-03-29 07:11:12</PriceUpdateDate><ItemCode>7290014692305</ItemCode><ItemType>1</ItemType><ItemName>גבינת קממבר 125 גרם</ItemName><ManufacturerName>וילי פוד</ManufacturerName><ManufactureCountry>ישראל</ManufactureCountry><ManufacturerItemDescription>גבינת קממבר 125 גרם</ManufacturerItemDescription><SoldByWeight/><Quantity>125.00</Quantity><UnitOfMeasure>גרם     </UnitOfMeasure><QtyInPackage>לא ידוע</QtyInPackage><UnitOfMeasurePrice>0.1792</UnitOfMeasurePrice><AllowDiscount>1</AllowDiscount><ItemStatus>1</ItemStatus><ItemPrice>22.40</ItemPrice></item><item><PriceUpdateDate>2016-03-29 07:28:48</PriceUpdateDate><ItemCode>7290014692541</ItemCode><ItemType>1</ItemType><ItemName>מב EMMA אודם מגורדת</ItemName><ManufacturerName>וילי פוד</ManufacturerName><ManufactureCountry>ישראל</ManufactureCountry><ManufacturerItemDescription>מב EMMA אודם מגורדת</ManufacturerItemDescription><SoldByWeight/><Quantity>500.00</Quantity><UnitOfMeasure>גרם     </UnitOfMeasure><QtyInPackage>לא ידוע</QtyInPackage><UnitOfMeasurePrice>0.0338</UnitOfMeasurePrice><AllowDiscount>1</AllowDiscount><ItemStatus>1</ItemStatus><ItemPrice>16.90</ItemPrice></item><item><PriceUpdateDate>2015-11-15 20:35:42</PriceUpdateDate><ItemCode>7290014692565</ItemCode><ItemType>1</ItemType><ItemName>גרעיני תירס מתוק 285</ItemName><ManufacturerName>לא ממותג</ManufacturerName><ManufactureCountry>ישראל</ManufactureCountry><ManufacturerItemDescription>גרעיני תירס מתוק 285</ManufacturerItemDescription><SoldByWeight/><Quantity>320.00</Quantity><UnitOfMeasure>גרם     </UnitOfMeasure><QtyInPackage>לא ידוע</QtyInPackage><UnitOfMeasurePrice>0.0194</UnitOfMeasurePrice><AllowDiscount>1</AllowDiscount><ItemStatus>1</ItemStatus><ItemPrice>6.20</ItemPrice></item><item><PriceUpdateDate>2015-10-13 11:27:37</PriceUpdateDate><ItemCode>7290014758100</ItemCode><ItemType>1</ItemType><ItemName>מאגדת שמיניה יוגורט</ItemName><ManufacturerName>תנובה</ManufacturerName><ManufactureCountry>ישראל</ManufactureCountry><ManufacturerItemDescription>מאגדת שמיניה יוגורט</ManufacturerItemDescription><SoldByWeight/><Quantity>1200.00</Quantity><UnitOfMeasure>גרם     </UnitOfMeasure><QtyInPackage>לא ידוע</QtyInPackage><UnitOfMeasurePrice>0.0137</UnitOfMeasurePrice><AllowDiscount>1</AllowDiscount><ItemStatus>1</ItemStatus><ItemPrice>16.40</ItemPrice></item><item><PriceUpdateDate>2015-10-13 11:27:37</PriceUpdateDate><ItemCode>7290014758117</ItemCode><ItemType>1</ItemType><ItemName>מאגדת שמיניה יוגורט</ItemName><ManufacturerName>תנובה</ManufacturerName><ManufactureCountry>ישראל</ManufactureCountry><ManufacturerItemDescription>מאגדת שמיניה יוגורט</ManufacturerItemDescription><SoldByWeight/><Quantity>1200.00</Quantity><UnitOfMeasure>גרם     </UnitOfMeasure><QtyInPackage>לא ידוע</QtyInPackage><UnitOfMeasurePrice>0.0137</UnitOfMeasurePrice><AllowDiscount>1</AllowDiscount><ItemStatus>1</ItemStatus><ItemPrice>16.40</ItemPrice></item><item><PriceUpdateDate>2016-02-16 09:53:02</PriceUpdateDate><ItemCode>7290014758124</ItemCode><ItemType>1</ItemType><ItemName>גביע בודד ממאגדת שמי</ItemName><ManufacturerName>תנובה</ManufacturerName><ManufactureCountry>ישראל</ManufactureCountry><ManufacturerItemDescription>גביע בודד ממאגדת שמי</ManufacturerItemDescription><SoldByWeight/><Quantity>150.00</Quantity><UnitOfMeasure>גרם     </UnitOfMeasure><QtyInPackage>לא ידוע</QtyInPackage><UnitOfMeasurePrice>0.0153</UnitOfMeasurePrice><AllowDiscount>1</AllowDiscount><ItemStatus>1</ItemStatus><ItemPrice>2.30</ItemPrice></item><item><PriceUpdateDate>2015-11-13 10:56:51</PriceUpdateDate><ItemCode>7290014758162</ItemCode><ItemType>1</ItemType><ItemName>חלב עיזים מלא 3.6% 1</ItemName><ManufacturerName>חלב תנובה</ManufacturerName><ManufactureCountry>ישראל</ManufactureCountry><ManufacturerItemDescription>חלב עיזים מלא 1 3.6% ליטר</ManufacturerItemDescription><SoldByWeight/><Quantity>1.00</Quantity><UnitOfMeasure>ליטר    </UnitOfMeasure><QtyInPackage>לא ידוע</QtyInPackage><UnitOfMeasurePrice>17.5000</UnitOfMeasurePrice><AllowDiscount>1</AllowDiscount><ItemStatus>1</ItemStatus><ItemPrice>17.50</ItemPrice></item><item><PriceUpdateDate>2015-11-13 10:56:51</PriceUpdateDate><ItemCode>7290014758308</ItemCode><ItemType>1</ItemType><ItemName>פיראוס יוגורט עיזים</ItemName><ManufacturerName>פיראוס</ManufacturerName><ManufactureCountry>ישראל</ManufactureCountry><ManufacturerItemDescription>יוגורט עיזים 150 גרם</ManufacturerItemDescription><SoldByWeight/><Quantity>150.00</Quantity><UnitOfMeasure>גרם     </UnitOfMeasure><QtyInPackage>לא ידוע</QtyInPackage><UnitOfMeasurePrice>0.0427</UnitOfMeasurePrice><AllowDiscount>1</AllowDiscount><ItemStatus>1</ItemStatus><ItemPrice>6.40</ItemPrice></item><item><PriceUpdateDate>2015-10-22 08:04:47</PriceUpdateDate><ItemCode>7290014758346</ItemCode><ItemType>1</ItemType><ItemName>מאגדת מעדן סויה שוקו</ItemName><ManufacturerName>מעדן תנובה</ManufacturerName><ManufactureCountry>ישראל</ManufactureCountry><ManufacturerItemDescription>מאגדת זוג מעדני סויה עם ש</ManufacturerItemDescription><SoldByWeight/><Quantity>250.00</Quantity><UnitOfMeasure>גרם     </UnitOfMeasure><QtyInPackage>לא ידוע</QtyInPackage><UnitOfMeasurePrice>0.0348</UnitOfMeasurePrice><AllowDiscount>1</AllowDiscount><ItemStatus>1</ItemStatus><ItemPrice>8.70</ItemPrice></item><item><PriceUpdateDate>2015-10-22 08:04:47</PriceUpdateDate><ItemCode>7290014758353</ItemCode><ItemType>1</ItemType><ItemName>מאגדת מעדן סויה במתי</ItemName><ManufacturerName>מעדן תנובה</ManufacturerName><ManufactureCountry>ישראל</ManufactureCountry><ManufacturerItemDescription>מאגדת מעדן סויה במתי</ManufacturerItemDescription><SoldByWeight/><Quantity>250.00</Quantity><UnitOfMeasure>גרם     </UnitOfMeasure><QtyInPackage>לא ידוע</QtyInPackage><UnitOfMeasurePrice>0.0348</UnitOfMeasurePrice><AllowDiscount>1</AllowDiscount><ItemStatus>1</ItemStatus><ItemPrice>8.70</ItemPrice></item><item><PriceUpdateDate>2015-10-22 08:04:47</PriceUpdateDate><ItemCode>7290014758360</ItemCode><ItemType>1</ItemType><ItemName>מאגדת מעדן סויה תות</ItemName><ManufacturerName>מעדן תנובה</ManufacturerName><ManufactureCountry>ישראל</ManufactureCountry><ManufacturerItemDescription>מאגדת זוג מעדני סויה עם ת</ManufacturerItemDescription><SoldByWeight/><Quantity>250.00</Quantity><UnitOfMeasure>גרם     </UnitOfMeasure><QtyInPackage>לא ידוע</QtyInPackage><UnitOfMeasurePrice>0.0348</UnitOfMeasurePrice><AllowDiscount>1</AllowDiscount><ItemStatus>1</ItemStatus><ItemPrice>8.70</ItemPrice></item><item><PriceUpdateDate>2015-10-22 08:04:47</PriceUpdateDate><ItemCode>7290014758377</ItemCode><ItemType>1</ItemType><ItemName>מאגדת מעדן סויה אפרס</ItemName><ManufacturerName>מעדן תנובה</ManufacturerName><ManufactureCountry>ישראל</ManufactureCountry><ManufacturerItemDescription>מאגדת זוג מעדני סויה עם א</ManufacturerItemDescription><SoldByWeight/><Quantity>250.00</Quantity><UnitOfMeasure>גרם     </UnitOfMeasure><QtyInPackage>לא ידוע</QtyInPackage><UnitOfMeasurePrice>0.0348</UnitOfMeasurePrice><AllowDiscount>1</AllowDiscount><ItemStatus>1</ItemStatus><ItemPrice>8.70</ItemPrice></item><item><PriceUpdateDate>2015-11-13 10:56:35</PriceUpdateDate><ItemCode>7290014758391</ItemCode><ItemType>1</ItemType><ItemName>קוטג' 5% דל נתרן 250</ItemName><ManufacturerName>קוטג תנובה</ManufacturerName><ManufactureCountry>ישראל</ManufactureCountry><ManufacturerItemDescription>קוטג' 5% דל נתרן 250</ManufacturerItemDescription><SoldByWeight/><Quantity>250.00</Quantity><UnitOfMeasure>גרם     </UnitOfMeasure><QtyInPackage>לא ידוע</QtyInPackage><UnitOfMeasurePrice>0.0228</UnitOfMeasurePrice><AllowDiscount>1</AllowDiscount><ItemStatus>1</ItemStatus><ItemPrice>5.70</ItemPrice></item><item><PriceUpdateDate>2015-09-30 23:47:49</PriceUpdateDate><ItemCode>7290014758681</ItemCode><ItemType>1</ItemType><ItemName>קוטג' 1% בגביע 250 ג</ItemName><ManufacturerName>קוטג תנובה</ManufacturerName><ManufactureCountry>ישראל</ManufactureCountry><ManufacturerItemDescription>קוטג 250 1% גרם</ManufacturerItemDescription><SoldByWeight/><Quantity>250.00</Quantity><UnitOfMeasure>גרם     </UnitOfMeasure><QtyInPackage>לא ידוע</QtyInPackage><UnitOfMeasurePrice>0.0228</UnitOfMeasurePrice><AllowDiscount>1</AllowDiscount><ItemStatus>1</ItemStatus><ItemPrice>5.70</ItemPrice></item><item><PriceUpdateDate>2016-03-29 07:11:12</PriceUpdateDate><ItemCode>7290014759534</ItemCode><ItemType>1</ItemType><ItemName>בולגרית למריחה פיראו</ItemName><ManufacturerName>פיראוס</ManufacturerName><ManufactureCountry>ישראל</ManufactureCountry><ManufacturerItemDescription>בולגרית למריחה</ManufacturerItemDescription><SoldByWeight/><Quantity>200.00</Quantity><UnitOfMeasure>גרם     </UnitOfMeasure><QtyInPackage>לא ידוע</QtyInPackage><UnitOfMeasurePrice>0.0710</UnitOfMeasurePrice><AllowDiscount>1</AllowDiscount><ItemStatus>1</ItemStatus><ItemPrice>14.20</ItemPrice></item><item><PriceUpdateDate>2015-11-13 10:56:51</PriceUpdateDate><ItemCode>7290014759978</ItemCode><ItemType>1</ItemType><ItemName>גבינת קולאז' קצ'קבל</ItemName><ManufacturerName>גבינות תנובה</ManufacturerName><ManufactureCountry>ישראל</ManufactureCountry><ManufacturerItemDescription>קצקבל פלח 200 גרם</ManufacturerItemDescription><SoldByWeight/><Quantity>200.00</Quantity><UnitOfMeasure>גרם     </UnitOfMeasure><QtyInPackage>לא ידוע</QtyInPackage><UnitOfMeasurePrice>0.1370</UnitOfMeasurePrice><AllowDiscount>1</AllowDiscount><ItemStatus>1</ItemStatus><ItemPrice>27.40</ItemPrice></item><item><PriceUpdateDate>2016-02-15 07:37:45</PriceUpdateDate><ItemCode>7290014760837</ItemCode><ItemType>1</ItemType><ItemName>יופלה דיאט תות בתחתי</ItemName><ManufacturerName>חלב תנובה</ManufacturerName><ManufactureCountry>לא ידוע</ManufactureCountry><ManufacturerItemDescription>יופלה דיאט תות בתחתי</ManufacturerItemDescription><SoldByWeight/><Quantity>150.00</Quantity><UnitOfMeasure>גרם     </UnitOfMeasure><QtyInPackage>לא ידוע</QtyInPackage><UnitOfMeasurePrice>0.0353</UnitOfMeasurePrice><AllowDiscount>1</AllowDiscount><ItemStatus>1</ItemStatus><ItemPrice>5.30</ItemPrice></item><item><PriceUpdateDate>2016-02-15 07:37:45</PriceUpdateDate><ItemCode>7290014760844</ItemCode><ItemType>1</ItemType><ItemName>יופלה דיאט אפרסק פסי</ItemName><ManufacturerName>חלב תנובה</ManufacturerName><ManufactureCountry>לא ידוע</ManufactureCountry><ManufacturerItemDescription>יופלה דיאט אפרסק פסי</ManufacturerItemDescription><SoldByWeight/><Quantity>150.00</Quantity><UnitOfMeasure>גרם     </UnitOfMeasure><QtyInPackage>לא ידוע</QtyInPackage><UnitOfMeasurePrice>0.0353</UnitOfMeasurePrice><AllowDiscount>1</AllowDiscount><ItemStatus>1</ItemStatus><ItemPrice>5.30</ItemPrice></item><item><PriceUpdateDate>2015-10-13 11:27:37</PriceUpdateDate><ItemCode>7290014761056</ItemCode><ItemType>1</ItemType><ItemName>מעדן שוקולד חלב מעול</ItemName><ManufacturerName>מעדן תנובה</ManufacturerName><ManufactureCountry>ישראל</ManufactureCountry><ManufacturerItemDescription>YOLOשוקולד חלב מעולה</ManufacturerItemDescription><SoldByWeight/><Quantity>123.00</Quantity><UnitOfMeasure>גרם     </UnitOfMeasure><QtyInPackage>לא ידוע</QtyInPackage><UnitOfMeasurePrice>0.0374</UnitOfMeasurePrice><AllowDiscount>1</AllowDiscount><ItemStatus>1</ItemStatus><ItemPrice>4.60</ItemPrice></item><item><PriceUpdateDate>2015-10-13 11:27:37</PriceUpdateDate><ItemCode>7290014761063</ItemCode><ItemType>1</ItemType><ItemName>מעדן שוקולד מריר  12</ItemName><ManufacturerName>מעדן תנובה</ManufacturerName><ManufactureCountry>ישראל</ManufactureCountry><ManufacturerItemDescription>YOLOשוקולד מריר מעולה</ManufacturerItemDescription><SoldByWeight/><Quantity>123.00</Quantity><UnitOfMeasure>גרם     </UnitOfMeasure><QtyInPackage>לא ידוע</QtyInPackage><UnitOfMeasurePrice>0.0374</UnitOfMeasurePrice><AllowDiscount>1</AllowDiscount><ItemStatus>1</ItemStatus><ItemPrice>4.60</ItemPrice></item><item><PriceUpdateDate>2016-03-29 07:11:12</PriceUpdateDate><ItemCode>7290014761681</ItemCode><ItemType>1</ItemType><ItemName>בולגרית למריחה בטעם</ItemName><ManufacturerName>פיראוס</ManufacturerName><ManufactureCountry>ישראל</ManufactureCountry><ManufacturerItemDescription>בולגרית למריחה בטעם ציזיק</ManufacturerItemDescription><SoldByWeight/><Quantity>0.00</Quantity><UnitOfMeasure>גרם     </UnitOfMeasure><QtyInPackage>לא ידוע</QtyInPackage><UnitOfMeasurePrice>0.0000</UnitOfMeasurePrice><AllowDiscount>1</AllowDiscount><ItemStatus>1</ItemStatus><ItemPrice>13.90</ItemPrice></item><item><PriceUpdateDate>2015-11-13 10:56:52</PriceUpdateDate><ItemCode>7290014761858</ItemCode><ItemType>1</ItemType><ItemName>שטוזים וניל מוקצף בו</ItemName><ManufacturerName>חלב תנובה</ManufacturerName><ManufactureCountry>לא ידוע</ManufactureCountry><ManufacturerItemDescription>שטוזים וניל מוקצף בו</ManufacturerItemDescription><SoldByWeight/><Quantity>84.00</Quantity><UnitOfMeasure>גרם     </UnitOfMeasure><QtyInPackage>לא ידוע</QtyInPackage><UnitOfMeasurePrice>0.0333</UnitOfMeasurePrice><AllowDiscount>1</AllowDiscount><ItemStatus>1</ItemStatus><ItemPrice>2.80</ItemPrice></item><item><PriceUpdateDate>2015-11-13 10:56:52</PriceUpdateDate><ItemCode>7290014761865</ItemCode><ItemType>1</ItemType><ItemName>שטוזים תות מוקצף בוד</ItemName><ManufacturerName>חלב תנובה</ManufacturerName><ManufactureCountry>לא ידוע</ManufactureCountry><ManufacturerItemDescription>שטוזים תות מוקצף בוד</ManufacturerItemDescription><SoldByWeight/><Quantity>84.00</Quantity><UnitOfMeasure>גרם     </UnitOfMeasure><QtyInPackage>לא ידוע</QtyInPackage><UnitOfMeasurePrice>0.0333</UnitOfMeasurePrice><AllowDiscount>1</AllowDiscount><ItemStatus>1</ItemStatus><ItemPrice>2.80</ItemPrice></item><item><PriceUpdateDate>2015-10-13 11:27:37</PriceUpdateDate><ItemCode>7290014762220</ItemCode><ItemType>1</ItemType><ItemName>ג'לי ענבים 125 גרם</ItemName><ManufacturerName>ג'לי תנובה</ManufacturerName><ManufactureCountry>לא ידוע</ManufactureCountry><ManufacturerItemDescription>ג'לי ענבים 125 גרם</ManufacturerItemDescription><SoldByWeight/><Quantity>125.00</Quantity><UnitOfMeasure>גרם     </UnitOfMeasure><QtyInPackage>לא ידוע</QtyInPackage><UnitOfMeasurePrice>0.0232</UnitOfMeasurePrice><AllowDiscount>1</AllowDiscount><ItemStatus>1</ItemStatus><ItemPrice>2.90</ItemPrice></item><item><PriceUpdateDate>2015-12-14 11:23:18</PriceUpdateDate><ItemCode>7290014762701</ItemCode><ItemType>1</ItemType><ItemName>יופלה 5% וניל ושבבי</ItemName><ManufacturerName>יופלה</ManufacturerName><ManufactureCountry>ישראל</ManufactureCountry><ManufacturerItemDescription>יופלה תות 150 3% מל</ManufacturerItemDescription><SoldByWeight/><Quantity>160.00</Quantity><UnitOfMeasure>גרם     </UnitOfMeasure><QtyInPackage>לא ידוע</QtyInPackage><UnitOfMeasurePrice>0.0331</UnitOfMeasurePrice><AllowDiscount>1</AllowDiscount><ItemStatus>1</ItemStatus><ItemPrice>5.30</ItemPrice></item><item><PriceUpdateDate>2015-12-07 11:23:22</PriceUpdateDate><ItemCode>7290014762718</ItemCode><ItemType>1</ItemType><ItemName>יופלה 4.2% קפוצ'ינו</ItemName><ManufacturerName>יופלה</ManufacturerName><ManufactureCountry>ישראל</ManufactureCountry><ManufacturerItemDescription>יופלה תות 150 3% מל</ManufacturerItemDescription><SoldByWeight/><Quantity>160.00</Quantity><UnitOfMeasure>גרם     </UnitOfMeasure><QtyInPackage>לא ידוע</QtyInPackage><UnitOfMeasurePrice>0.0331</UnitOfMeasurePrice><AllowDiscount>1</AllowDiscount><ItemStatus>1</ItemStatus><ItemPrice>5.30</ItemPrice></item><item><PriceUpdateDate>2015-12-14 11:23:18</PriceUpdateDate><ItemCode>7290014762725</ItemCode><ItemType>1</ItemType><ItemName>יופלה 4.3% פירות אדו</ItemName><ManufacturerName>יופלה</ManufacturerName><ManufactureCountry>ישראל</ManufactureCountry><ManufacturerItemDescription>יופלה תות 150 3% מל</ManufacturerItemDescription><SoldByWeight/><Quantity>160.00</Quantity><UnitOfMeasure>גרם     </UnitOfMeasure><QtyInPackage>לא ידוע</QtyInPackage><UnitOfMeasurePrice>0.0331</UnitOfMeasurePrice><AllowDiscount>1</AllowDiscount><ItemStatus>1</ItemStatus><ItemPrice>5.30</ItemPrice></item><item><PriceUpdateDate>2016-03-14 07:34:21</PriceUpdateDate><ItemCode>7290014762756</ItemCode><ItemType>1</ItemType><ItemName>גבינת נפוליאון  16%</ItemName><ManufacturerName>נפוליאון</ManufacturerName><ManufactureCountry>ישראל</ManufactureCountry><ManufacturerItemDescription>גבינה שמנת נפוליאון 225 ג</ManufacturerItemDescription><SoldByWeight/><Quantity>225.00</Quantity><UnitOfMeasure>גרם     </UnitOfMeasure><QtyInPackage>לא ידוע</QtyInPackage><UnitOfMeasurePrice>0.0631</UnitOfMeasurePrice><AllowDiscount>1</AllowDiscount><ItemStatus>1</ItemStatus><ItemPrice>14.20</ItemPrice></item><item><PriceUpdateDate>2016-03-01 07:13:43</PriceUpdateDate><ItemCode>7290014791077</ItemCode><ItemType>1</ItemType><ItemName>ספרינג טי ענבים 1.5</ItemName><ManufacturerName>ספרינג טי</ManufacturerName><ManufactureCountry>ישראל</ManufactureCountry><ManufacturerItemDescription>ספרינג טי ענבים 1.5</ManufacturerItemDescription><SoldByWeight/><Quantity>1500.00</Quantity><UnitOfMeasure>מ"ל</UnitOfMeasure><QtyInPackage>לא ידוע</QtyInPackage><UnitOfMeasurePrice>0.0046</UnitOfMeasurePrice><AllowDiscount>1</AllowDiscount><ItemStatus>1</ItemStatus><ItemPrice>6.90</ItemPrice></item><item><PriceUpdateDate>2016-03-29 07:28:49</PriceUpdateDate><ItemCode>7290014791565</ItemCode><ItemType>1</ItemType><ItemName>מב שוופס ענבים 1.5 ל</ItemName><ManufacturerName>שוופס</ManufacturerName><ManufactureCountry>ישראל</ManufactureCountry><ManufacturerItemDescription>מב שוופס ענבים 1.5 ל</ManufacturerItemDescription><SoldByWeight/><Quantity>1500.00</Quantity><UnitOfMeasure>מ"ל</UnitOfMeasure><QtyInPackage>לא ידוע</QtyInPackage><UnitOfMeasurePrice>0.0046</UnitOfMeasurePrice><AllowDiscount>1</AllowDiscount><ItemStatus>1</ItemStatus><ItemPrice>6.90</ItemPrice></item><item><PriceUpdateDate>2016-01-04 21:31:07</PriceUpdateDate><ItemCode>7290014905139</ItemCode><ItemType>1</ItemType><ItemName>הפי ג'ל כביסה מרוכז</ItemName><ManufacturerName>הפי</ManufacturerName><ManufactureCountry>ישראל</ManufactureCountry><ManufacturerItemDescription>הפי ג'ל כביסה מרוכז</ManufacturerItemDescription><SoldByWeight/><Quantity>980.00</Quantity><UnitOfMeasure>מ"ל</UnitOfMeasure><QtyInPackage>לא ידוע</QtyInPackage><UnitOfMeasurePrice>0.0276</UnitOfMeasurePrice><AllowDiscount>1</AllowDiscount><ItemStatus>1</ItemStatus><ItemPrice>27.00</ItemPrice></item><item><PriceUpdateDate>2016-05-01 10:29:14</PriceUpdateDate><ItemCode>7290014949737</ItemCode><ItemType>1</ItemType><ItemName>מב מיסטר מאסל למטבח</ItemName><ManufacturerName>מיסטר מאסל</ManufacturerName><ManufactureCountry>סין</ManufactureCountry><ManufacturerItemDescription>סבון פלמוליב    ים 750 מ</ManufacturerItemDescription><SoldByWeight/><Quantity>500.00</Quantity><UnitOfMeasure>מ"ל</UnitOfMeasure><QtyInPackage>לא ידוע</QtyInPackage><UnitOfMeasurePrice>0.0298</UnitOfMeasurePrice><AllowDiscount>1</AllowDiscount><ItemStatus>1</ItemStatus><ItemPrice>14.90</ItemPrice></item><item><PriceUpdateDate>2016-02-02 05:51:29</PriceUpdateDate><ItemCode>7290015005326</ItemCode><ItemType>1</ItemType><ItemName>אפונה קפואה 800 גרם</ItemName><ManufacturerName>"המותג"</ManufacturerName><ManufactureCountry>ישראל</ManufactureCountry><ManufacturerItemDescription>אפונה קפואה 800 גרם</ManufacturerItemDescription><SoldByWeight/><Quantity>800.00</Quantity><UnitOfMeasure>גרם     </UnitOfMeasure><QtyInPackage>לא ידוע</QtyInPackage><UnitOfMeasurePrice>0.0152</UnitOfMeasurePrice><AllowDiscount>1</AllowDiscount><ItemStatus>1</ItemStatus><ItemPrice>12.20</ItemPrice></item><item><PriceUpdateDate>2016-02-02 05:51:29</PriceUpdateDate><ItemCode>7290015005395</ItemCode><ItemType>1</ItemType><ItemName>שעועית חתוכה קפואה 8</ItemName><ManufacturerName>"המותג"</ManufacturerName><ManufactureCountry>ישראל</ManufactureCountry><ManufacturerItemDescription>שעועית חתוכה קפואה 8</ManufacturerItemDescription><SoldByWeight/><Quantity>800.00</Quantity><UnitOfMeasure>גרם     </UnitOfMeasure><QtyInPackage>לא ידוע</QtyInPackage><UnitOfMeasurePrice>0.0136</UnitOfMeasurePrice><AllowDiscount>1</AllowDiscount><ItemStatus>1</ItemStatus><ItemPrice>10.90</ItemPrice></item><item><PriceUpdateDate>2015-05-06 09:14:48</PriceUpdateDate><ItemCode>7290015005432</ItemCode><ItemType>1</ItemType><ItemName>שעועית לבנה 800גרם ה</ItemName><ManufacturerName>"המותג"</ManufacturerName><ManufactureCountry>ישראל</ManufactureCountry><ManufacturerItemDescription>שעועית לבנה 800גרם ה</ManufacturerItemDescription><SoldByWeight/><Quantity>800.00</Quantity><UnitOfMeasure>גרם     </UnitOfMeasure><QtyInPackage>לא ידוע</QtyInPackage><UnitOfMeasurePrice>0.0136</UnitOfMeasurePrice><AllowDiscount>1</AllowDiscount><ItemStatus>1</ItemStatus><ItemPrice>10.90</ItemPrice></item><item><PriceUpdateDate>2015-05-06 09:14:48</PriceUpdateDate><ItemCode>7290015005487</ItemCode><ItemType>1</ItemType><ItemName>ברוקולי 800 גרם המות</ItemName><ManufacturerName>"המותג"</ManufacturerName><ManufactureCountry>ישראל</ManufactureCountry><ManufacturerItemDescription>ברוקולי 800 גרם המות</ManufacturerItemDescription><SoldByWeight/><Quantity>800.00</Quantity><UnitOfMeasure>גרם     </UnitOfMeasure><QtyInPackage>לא ידוע</QtyInPackage><UnitOfMeasurePrice>0.0161</UnitOfMeasurePrice><AllowDiscount>1</AllowDiscount><ItemStatus>1</ItemStatus><ItemPrice>12.90</ItemPrice></item><item><PriceUpdateDate>2016-02-18 09:34:24</PriceUpdateDate><ItemCode>7290015139014</ItemCode><ItemType>1</ItemType><ItemName>כרמית לקקן תות 90 גר</ItemName><ManufacturerName>כרמית</ManufacturerName><ManufactureCountry>ישראל</ManufactureCountry><ManufacturerItemDescription>כרמית לקקן תות 90 גר</ManufacturerItemDescription><SoldByWeight/><Quantity>90.00</Quantity><UnitOfMeasure>גרם     </UnitOfMeasure><QtyInPackage>לא ידוע</QtyInPackage><UnitOfMeasurePrice>0.0722</UnitOfMeasurePrice><AllowDiscount>1</AllowDiscount><ItemStatus>1</ItemStatus><ItemPrice>6.50</ItemPrice></item><item><PriceUpdateDate>2016-02-18 09:34:24</PriceUpdateDate><ItemCode>7290015139502</ItemCode><ItemType>1</ItemType><ItemName>מיקסים שוקולד לבן וא</ItemName><ManufacturerName>כרמית</ManufacturerName><ManufactureCountry>ישראל</ManufactureCountry><ManufacturerItemDescription>מיקס חטיפים לבן וקורנפלקס</ManufacturerItemDescription><SoldByWeight/><Quantity>55.00</Quantity><UnitOfMeasure>גרם     </UnitOfMeasure><QtyInPackage>לא ידוע</QtyInPackage><UnitOfMeasurePrice>0.0891</UnitOfMeasurePrice><AllowDiscount>1</AllowDiscount><ItemStatus>1</ItemStatus><ItemPrice>4.90</ItemPrice></item><item><PriceUpdateDate>2015-12-01 07:18:13</PriceUpdateDate><ItemCode>7290015150057</ItemCode><ItemType>1</ItemType><ItemName>ביסקוויט סנדוויץ' במ</ItemName><ManufacturerName>Biscuit</ManufacturerName><ManufactureCountry>ישראל</ManufactureCountry><ManufacturerItemDescription>ביסקוויט סנדוויץ' במ</ManufacturerItemDescription><SoldByWeight/><Quantity>240.00</Quantity><UnitOfMeasure>גרם     </UnitOfMeasure><QtyInPackage>לא ידוע</QtyInPackage><UnitOfMeasurePrice>0.0337</UnitOfMeasurePrice><AllowDiscount>1</AllowDiscount><ItemStatus>1</ItemStatus><ItemPrice>8.10</ItemPrice></item><item><PriceUpdateDate>2015-12-01 07:18:13</PriceUpdateDate><ItemCode>7290015150064</ItemCode><ItemType>1</ItemType><ItemName>ביסקוויט סנדוויץ' במ</ItemName><ManufacturerName>Biscuit</ManufacturerName><ManufactureCountry>ישראל</ManufactureCountry><ManufacturerItemDescription>ביסקוויט סנדוויץ' במ</ManufacturerItemDescription><SoldByWeight/><Quantity>240.00</Quantity><UnitOfMeasure>גרם     </UnitOfMeasure><QtyInPackage>לא ידוע</QtyInPackage><UnitOfMeasurePrice>0.0337</UnitOfMeasurePrice><AllowDiscount>1</AllowDiscount><ItemStatus>1</ItemStatus><ItemPrice>8.10</ItemPrice></item><item><PriceUpdateDate>2015-11-15 20:35:43</PriceUpdateDate><ItemCode>7290015150071</ItemCode><ItemType>1</ItemType><ItemName>סופר או'ז סנדויץ' ונ</ItemName><ManufacturerName>לא ממותג</ManufacturerName><ManufactureCountry>ישראל</ManufactureCountry><ManufacturerItemDescription>סופר או'ז סנדויץ' ונ</ManufacturerItemDescription><SoldByWeight/><Quantity>165.00</Quantity><UnitOfMeasure>גרם     </UnitOfMeasure><QtyInPackage>לא ידוע</QtyInPackage><UnitOfMeasurePrice>0.0491</UnitOfMeasurePrice><AllowDiscount>1</AllowDiscount><ItemStatus>1</ItemStatus><ItemPrice>8.10</ItemPrice></item><item><PriceUpdateDate>2016-05-01 12:09:06</PriceUpdateDate><ItemCode>7290015150118</ItemCode><ItemType>1</ItemType><ItemName>עגבניות חתוכות דק 3*</ItemName><ManufacturerName>לא ממותג</ManufacturerName><ManufactureCountry>ישראל</ManufactureCountry><ManufacturerItemDescription>עגבניות חתוכות דק 3*</ManufacturerItemDescription><SoldByWeight/><Quantity>1200.00</Quantity><UnitOfMeasure>גרם     </UnitOfMeasure><QtyInPackage>לא ידוע</QtyInPackage><UnitOfMeasurePrice>0.0166</UnitOfMeasurePrice><AllowDiscount>1</AllowDiscount><ItemStatus>1</ItemStatus><ItemPrice>19.90</ItemPrice></item><item><PriceUpdateDate>2016-05-01 12:09:06</PriceUpdateDate><ItemCode>7290015150729</ItemCode><ItemType>1</ItemType><ItemName>תה ירוק סקיני גריני</ItemName><ManufacturerName>ויסוצקי</ManufacturerName><ManufactureCountry>ישראל</ManufactureCountry><ManufacturerItemDescription>תה ירוק נענע</ManufacturerItemDescription><SoldByWeight/><Quantity>38.00</Quantity><UnitOfMeasure>גרם     </UnitOfMeasure><QtyInPackage>לא ידוע</QtyInPackage><UnitOfMeasurePrice>0.6553</UnitOfMeasurePrice><AllowDiscount>1</AllowDiscount><ItemStatus>1</ItemStatus><ItemPrice>24.90</ItemPrice></item><item><PriceUpdateDate>2016-05-01 12:09:06</PriceUpdateDate><ItemCode>7290015193085</ItemCode><ItemType>1</ItemType><ItemName>פחם מעץ מהגוני 2 ק"ג</ItemName><ManufacturerName>לא ממותג</ManufacturerName><ManufactureCountry>ישראל</ManufactureCountry><ManufacturerItemDescription>פחם מהגוני בשקית 2 קג</ManufacturerItemDescription><SoldByWeight/><Quantity>2000.00</Quantity><UnitOfMeasure>גרם     </UnitOfMeasure><QtyInPackage>לא ידוע</QtyInPackage><UnitOfMeasurePrice>0.0071</UnitOfMeasurePrice><AllowDiscount>1</AllowDiscount><ItemStatus>1</ItemStatus><ItemPrice>14.20</ItemPrice></item><item><PriceUpdateDate>2015-12-17 11:43:06</PriceUpdateDate><ItemCode>7290015282031</ItemCode><ItemType>1</ItemType><ItemName>חומוס עם חריף 300 גר</ItemName><ManufacturerName>סלטי שמיר</ManufacturerName><ManufactureCountry>ישראל</ManufactureCountry><ManufacturerItemDescription>חומוס עם חריף 300 גר</ManufacturerItemDescription><SoldByWeight/><Quantity>300.00</Quantity><UnitOfMeasure>גרם     </UnitOfMeasure><QtyInPackage>לא ידוע</QtyInPackage><UnitOfMeasurePrice>0.0330</UnitOfMeasurePrice><AllowDiscount>1</AllowDiscount><ItemStatus>1</ItemStatus><ItemPrice>9.90</ItemPrice></item><item><PriceUpdateDate>2015-11-02 17:20:52</PriceUpdateDate><ItemCode>7290015282284</ItemCode><ItemType>1</ItemType><ItemName>סלט כרוב אדום 300 גר</ItemName><ManufacturerName>סלטי שמיר</ManufacturerName><ManufactureCountry>ישראל</ManufactureCountry><ManufacturerItemDescription>סלט כרוב אדום 300 גר</ManufacturerItemDescription><SoldByWeight/><Quantity>300.00</Quantity><UnitOfMeasure>גרם     </UnitOfMeasure><QtyInPackage>לא ידוע</QtyInPackage><UnitOfMeasurePrice>0.0337</UnitOfMeasurePrice><AllowDiscount>1</AllowDiscount><ItemStatus>1</ItemStatus><ItemPrice>10.10</ItemPrice></item><item><PriceUpdateDate>2015-12-17 11:43:06</PriceUpdateDate><ItemCode>7290015282307</ItemCode><ItemType>1</ItemType><ItemName>סלט חציל במיונז 300</ItemName><ManufacturerName>סלטי שמיר</ManufacturerName><ManufactureCountry>ישראל</ManufactureCountry><ManufacturerItemDescription>סלט חציל במיונז 300</ManufacturerItemDescription><SoldByWeight/><Quantity>300.00</Quantity><UnitOfMeasure>גרם     </UnitOfMeasure><QtyInPackage>לא ידוע</QtyInPackage><UnitOfMeasurePrice>0.0330</UnitOfMeasurePrice><AllowDiscount>1</AllowDiscount><ItemStatus>1</ItemStatus><ItemPrice>9.90</ItemPrice></item><item><PriceUpdateDate>2015-12-17 11:43:06</PriceUpdateDate><ItemCode>7290015282321</ItemCode><ItemType>1</ItemType><ItemName>סלט סלק 300 גרם</ItemName><ManufacturerName>סלטי שמיר</ManufacturerName><ManufactureCountry>ישראל</ManufactureCountry><ManufacturerItemDescription>סלט סלק 300 גרם</ManufacturerItemDescription><SoldByWeight/><Quantity>300.00</Quantity><UnitOfMeasure>גרם     </UnitOfMeasure><QtyInPackage>לא ידוע</QtyInPackage><UnitOfMeasurePrice>0.0330</UnitOfMeasurePrice><AllowDiscount>1</AllowDiscount><ItemStatus>1</ItemStatus><ItemPrice>9.90</ItemPrice></item><item><PriceUpdateDate>2015-12-17 11:43:06</PriceUpdateDate><ItemCode>7290015282338</ItemCode><ItemType>1</ItemType><ItemName>סלט מטבוחה 300 גרם</ItemName><ManufacturerName>סלטי שמיר</ManufacturerName><ManufactureCountry>ישראל</ManufactureCountry><ManufacturerItemDescription>סלט מטבוחה 300 גרם</ManufacturerItemDescription><SoldByWeight/><Quantity>300.00</Quantity><UnitOfMeasure>גרם     </UnitOfMeasure><QtyInPackage>לא ידוע</QtyInPackage><UnitOfMeasurePrice>0.0330</UnitOfMeasurePrice><AllowDiscount>1</AllowDiscount><ItemStatus>1</ItemStatus><ItemPrice>9.90</ItemPrice></item><item><PriceUpdateDate>2015-12-17 11:43:06</PriceUpdateDate><ItemCode>7290015282420</ItemCode><ItemType>1</ItemType><ItemName>סלט חציל על האש 300</ItemName><ManufacturerName>סלטי שמיר</ManufacturerName><ManufactureCountry>ישראל</ManufactureCountry><ManufacturerItemDescription>סלט חציל על האש 300</ManufacturerItemDescription><SoldByWeight/><Quantity>300.00</Quantity><UnitOfMeasure>גרם     </UnitOfMeasure><QtyInPackage>לא ידוע</QtyInPackage><UnitOfMeasurePrice>0.0330</UnitOfMeasurePrice><AllowDiscount>1</AllowDiscount><ItemStatus>1</ItemStatus><ItemPrice>9.90</ItemPrice></item><item><PriceUpdateDate>2015-12-17 11:43:07</PriceUpdateDate><ItemCode>7290015282956</ItemCode><ItemType>1</ItemType><ItemName>חציל בטחינה 300 גרם</ItemName><ManufacturerName>סלטי שמיר</ManufacturerName><ManufactureCountry>ישראל</ManufactureCountry><ManufacturerItemDescription>חציל בטחינה 300 גרם</ManufacturerItemDescription><SoldByWeight/><Quantity>300.00</Quantity><UnitOfMeasure>גרם     </UnitOfMeasure><QtyInPackage>לא ידוע</QtyInPackage><UnitOfMeasurePrice>0.0330</UnitOfMeasurePrice><AllowDiscount>1</AllowDiscount><ItemStatus>1</ItemStatus><ItemPrice>9.90</ItemPrice></item><item><PriceUpdateDate>2015-12-17 11:43:07</PriceUpdateDate><ItemCode>7290015282970</ItemCode><ItemType>1</ItemType><ItemName>חציל רומני 300 גרם</ItemName><ManufacturerName>סלטי שמיר</ManufacturerName><ManufactureCountry>ישראל</ManufactureCountry><ManufacturerItemDescription>חציל רומני 300 גרם</ManufacturerItemDescription><SoldByWeight/><Quantity>300.00</Quantity><UnitOfMeasure>גרם     </UnitOfMeasure><QtyInPackage>לא ידוע</QtyInPackage><UnitOfMeasurePrice>0.0330</UnitOfMeasurePrice><AllowDiscount>1</AllowDiscount><ItemStatus>1</ItemStatus><ItemPrice>9.90</ItemPrice></item><item><PriceUpdateDate>2015-12-17 11:43:07</PriceUpdateDate><ItemCode>7290015282994</ItemCode><ItemType>1</ItemType><ItemName>סלט חמוצים סיני 300</ItemName><ManufacturerName>סלטי שמיר</ManufacturerName><ManufactureCountry>ישראל</ManufactureCountry><ManufacturerItemDescription>סלט חמוצים סיני 300</ManufacturerItemDescription><SoldByWeight/><Quantity>300.00</Quantity><UnitOfMeasure>גרם     </UnitOfMeasure><QtyInPackage>לא ידוע</QtyInPackage><UnitOfMeasurePrice>0.0330</UnitOfMeasurePrice><AllowDiscount>1</AllowDiscount><ItemStatus>1</ItemStatus><ItemPrice>9.90</ItemPrice></item><item><PriceUpdateDate>2015-11-15 20:35:43</PriceUpdateDate><ItemCode>7290015324007</ItemCode><ItemType>1</ItemType><ItemName>פלפל שחור גרוס 80 גר</ItemName><ManufacturerName>תבליני טעם וריח</ManufacturerName><ManufactureCountry>ישראל</ManufactureCountry><ManufacturerItemDescription>פלפל שחור גרוס 80 גר</ManufacturerItemDescription><SoldByWeight/><Quantity>80.00</Quantity><UnitOfMeasure>גרם     </UnitOfMeasure><QtyInPackage>לא ידוע</QtyInPackage><UnitOfMeasurePrice>0.1900</UnitOfMeasurePrice><AllowDiscount>1</AllowDiscount><ItemStatus>1</ItemStatus><ItemPrice>15.20</ItemPrice></item><item><PriceUpdateDate>2015-11-02 17:20:52</PriceUpdateDate><ItemCode>7290015324014</ItemCode><ItemType>1</ItemType><ItemName>פלפל שחור טחון 80 גר</ItemName><ManufacturerName>טעם וריח</ManufacturerName><ManufactureCountry>ישראל</ManufactureCountry><ManufacturerItemDescription>פלפל שחור טחון 80 גרם</ManufacturerItemDescription><SoldByWeight/><Quantity>80.00</Quantity><UnitOfMeasure>גרם     </UnitOfMeasure><QtyInPackage>לא ידוע</QtyInPackage><UnitOfMeasurePrice>0.1900</UnitOfMeasurePrice><AllowDiscount>1</AllowDiscount><ItemStatus>1</ItemStatus><ItemPrice>15.20</ItemPrice></item><item><PriceUpdateDate>2015-10-14 10:32:18</PriceUpdateDate><ItemCode>7290015324038</ItemCode><ItemType>1</ItemType><ItemName>פפריקה בשמן 80 גרם</ItemName><ManufacturerName>תבליני טעם וריח</ManufacturerName><ManufactureCountry>ישראל</ManufactureCountry><ManufacturerItemDescription>פפריקה בשמן 80 גרם</ManufacturerItemDescription><SoldByWeight/><Quantity>80.00</Quantity><UnitOfMeasure>גרם     </UnitOfMeasure><QtyInPackage>לא ידוע</QtyInPackage><UnitOfMeasurePrice>0.0950</UnitOfMeasurePrice><AllowDiscount>1</AllowDiscount><ItemStatus>1</ItemStatus><ItemPrice>7.60</ItemPrice></item><item><PriceUpdateDate>2015-10-14 10:32:18</PriceUpdateDate><ItemCode>7290015324052</ItemCode><ItemType>1</ItemType><ItemName>פפריקה מתוקה 80 גרם</ItemName><ManufacturerName>תבליני טעם וריח</ManufacturerName><ManufactureCountry>ישראל</ManufactureCountry><ManufacturerItemDescription>פפריקה מתוקה 80 גרם</ManufacturerItemDescription><SoldByWeight/><Quantity>80.00</Quantity><UnitOfMeasure>גרם     </UnitOfMeasure><QtyInPackage>לא ידוע</QtyInPackage><UnitOfMeasurePrice>0.0950</UnitOfMeasurePrice><AllowDiscount>1</AllowDiscount><ItemStatus>1</ItemStatus><ItemPrice>7.60</ItemPrice></item><item><PriceUpdateDate>2015-11-15 20:35:43</PriceUpdateDate><ItemCode>7290015324069</ItemCode><ItemType>1</ItemType><ItemName>גריל עוף 80 גרם</ItemName><ManufacturerName>טעם וריח</ManufacturerName><ManufactureCountry>ישראל</ManufactureCountry><ManufacturerItemDescription>גריל עוף 80 גרם</ManufacturerItemDescription><SoldByWeight/><Quantity>80.00</Quantity><UnitOfMeasure>גרם     </UnitOfMeasure><QtyInPackage>לא ידוע</QtyInPackage><UnitOfMeasurePrice>0.0887</UnitOfMeasurePrice><AllowDiscount>1</AllowDiscount><ItemStatus>1</ItemStatus><ItemPrice>7.10</ItemPrice></item><item><PriceUpdateDate>2015-11-15 20:35:43</PriceUpdateDate><ItemCode>7290015324090</ItemCode><ItemType>1</ItemType><ItemName>כמון מזרחי 80 גרם</ItemName><ManufacturerName>תבליני טעם וריח</ManufacturerName><ManufactureCountry>ישראל</ManufactureCountry><ManufacturerItemDescription>כמון 80 גרם</ManufacturerItemDescription><SoldByWeight/><Quantity>80.00</Quantity><UnitOfMeasure>גרם     </UnitOfMeasure><QtyInPackage>לא ידוע</QtyInPackage><UnitOfMeasurePrice>0.0950</UnitOfMeasurePrice><AllowDiscount>1</AllowDiscount><ItemStatus>1</ItemStatus><ItemPrice>7.60</ItemPrice></item><item><PriceUpdateDate>2015-11-15 20:35:43</PriceUpdateDate><ItemCode>7290015324106</ItemCode><ItemType>1</ItemType><ItemName>כורכום 80 גרם</ItemName><ManufacturerName>תבליני טעם וריח</ManufacturerName><ManufactureCountry>ישראל</ManufactureCountry><ManufacturerItemDescription>כורכום 80 גרם</ManufacturerItemDescription><SoldByWeight/><Quantity>80.00</Quantity><UnitOfMeasure>גרם     </UnitOfMeasure><QtyInPackage>לא ידוע</QtyInPackage><UnitOfMeasurePrice>0.1012</UnitOfMeasurePrice><AllowDiscount>1</AllowDiscount><ItemStatus>1</ItemStatus><ItemPrice>8.10</ItemPrice></item><item><PriceUpdateDate>2014-12-01 06:28:24</PriceUpdateDate><ItemCode>7290015324151</ItemCode><ItemType>1</ItemType><ItemName>חוויגי למרק 80 גרם</ItemName><ManufacturerName>טעם וריח</ManufacturerName><ManufactureCountry>ישראל</ManufactureCountry><ManufacturerItemDescription>חוויאג למרק 80 גרם</ManufacturerItemDescription><SoldByWeight/><Quantity>80.00</Quantity><UnitOfMeasure>גרם     </UnitOfMeasure><QtyInPackage>לא ידוע</QtyInPackage><UnitOfMeasurePrice>0.1038</UnitOfMeasurePrice><AllowDiscount>1</AllowDiscount><ItemStatus>1</ItemStatus><ItemPrice>8.30</ItemPrice></item><item><PriceUpdateDate>2015-11-02 17:20:52</PriceUpdateDate><ItemCode>7290015347457</ItemCode><ItemType>1</ItemType><ItemName>קינואה שחורה 400 גרם</ItemName><ManufacturerName>מיה</ManufacturerName><ManufactureCountry>לא ידוע</ManufactureCountry><ManufacturerItemDescription>קינואה שחורה 400 גרם</ManufacturerItemDescription><SoldByWeight/><Quantity>400.00</Quantity><UnitOfMeasure>גרם     </UnitOfMeasure><QtyInPackage>לא ידוע</QtyInPackage><UnitOfMeasurePrice>0.0497</UnitOfMeasurePrice><AllowDiscount>1</AllowDiscount><ItemStatus>1</ItemStatus><ItemPrice>19.90</ItemPrice></item><item><PriceUpdateDate>2016-03-01 07:13:44</PriceUpdateDate><ItemCode>7290015437660</ItemCode><ItemType>1</ItemType><ItemName>מב רוטב צ'ילי לחיץ מ</ItemName><ManufacturerName>תומר</ManufacturerName><ManufactureCountry>לא ידוע</ManufactureCountry><ManufacturerItemDescription>מב רוטב צ'ילי לחיץ מ</ManufacturerItemDescription><SoldByWeight/><Quantity>700.00</Quantity><UnitOfMeasure>מ"ל</UnitOfMeasure><QtyInPackage>לא ידוע</QtyInPackage><UnitOfMeasurePrice>0.0141</UnitOfMeasurePrice><AllowDiscount>1</AllowDiscount><ItemStatus>1</ItemStatus><ItemPrice>9.90</ItemPrice></item><item><PriceUpdateDate>2015-12-01 07:19:31</PriceUpdateDate><ItemCode>7290015596398</ItemCode><ItemType>1</ItemType><ItemName>מב אלכו-ג'ל קיווי לי</ItemName><ManufacturerName>ד"ר פישר</ManufacturerName><ManufactureCountry>לא ידוע</ManufactureCountry><ManufacturerItemDescription>מב אלכו-ג'ל קיווי לי</ManufacturerItemDescription><SoldByWeight/><Quantity>100.00</Quantity><UnitOfMeasure>מ"ל</UnitOfMeasure><QtyInPackage>לא ידוע</QtyInPackage><UnitOfMeasurePrice>0.1000</UnitOfMeasurePrice><AllowDiscount>1</AllowDiscount><ItemStatus>1</ItemStatus><ItemPrice>10.00</ItemPrice></item><item><PriceUpdateDate>2015-11-15 20:35:43</PriceUpdateDate><ItemCode>7290015597029</ItemCode><ItemType>1</ItemType><ItemName>שלגון מגנום טירמיסו</ItemName><ManufacturerName>מגנום-גלידה</ManufacturerName><ManufactureCountry>ישראל</ManufactureCountry><ManufacturerItemDescription>מגנום טירמיסו</ManufacturerItemDescription><SoldByWeight/><Quantity>120.00</Quantity><UnitOfMeasure>מ"ל</UnitOfMeasure><QtyInPackage>לא ידוע</QtyInPackage><UnitOfMeasurePrice>0.0958</UnitOfMeasurePrice><AllowDiscount>1</AllowDiscount><ItemStatus>1</ItemStatus><ItemPrice>11.50</ItemPrice></item><item><PriceUpdateDate>2015-11-15 20:35:43</PriceUpdateDate><ItemCode>7290015597203</ItemCode><ItemType>1</ItemType><ItemName>מאגדת ננסים סמי הכבא</ItemName><ManufacturerName>שטראוס גלידה</ManufacturerName><ManufactureCountry>לא ידוע</ManufactureCountry><ManufacturerItemDescription>מאגדת ננסים סמי הכבא</ManufacturerItemDescription><SoldByWeight/><Quantity>180.00</Quantity><UnitOfMeasure>גרם     </UnitOfMeasure><QtyInPackage>לא ידוע</QtyInPackage><UnitOfMeasurePrice>0.1694</UnitOfMeasurePrice><AllowDiscount>1</AllowDiscount><ItemStatus>1</ItemStatus><ItemPrice>30.50</ItemPrice></item><item><PriceUpdateDate>2016-03-01 06:45:11</PriceUpdateDate><ItemCode>7290015597234</ItemCode><ItemType>1</ItemType><ItemName>מאגדת  מיני לייט תות</ItemName><ManufacturerName>שטראוס לייט</ManufacturerName><ManufactureCountry>ישראל</ManufactureCountry><ManufacturerItemDescription>מאגדת לייט פרי</ManufacturerItemDescription><SoldByWeight/><Quantity>0.00</Quantity><UnitOfMeasure>גרם     </UnitOfMeasure><QtyInPackage>לא ידוע</QtyInPackage><UnitOfMeasurePrice>0.0000</UnitOfMeasurePrice><AllowDiscount>1</AllowDiscount><ItemStatus>1</ItemStatus><ItemPrice>28.50</ItemPrice></item><item><PriceUpdateDate>2016-03-01 07:13:44</PriceUpdateDate><ItemCode>7290015597258</ItemCode><ItemType>1</ItemType><ItemName>מב מאגדת לייט וניל ע</ItemName><ManufacturerName>שטראוס גלידה</ManufacturerName><ManufactureCountry>ישראל</ManufactureCountry><ManufacturerItemDescription>מב מאגדת לייט וניל ע</ManufacturerItemDescription><SoldByWeight/><Quantity>342.00</Quantity><UnitOfMeasure>גרם     </UnitOfMeasure><QtyInPackage>לא ידוע</QtyInPackage><UnitOfMeasurePrice>0.0582</UnitOfMeasurePrice><AllowDiscount>1</AllowDiscount><ItemStatus>1</ItemStatus><ItemPrice>19.90</ItemPrice></item><item><PriceUpdateDate>2016-02-04 06:54:59</PriceUpdateDate><ItemCode>7290015597265</ItemCode><ItemType>1</ItemType><ItemName>גלידת לוטוס 1 ליטר</ItemName><ManufacturerName>שטראוס גלידה</ManufacturerName><ManufactureCountry>לא ידוע</ManufactureCountry><ManufacturerItemDescription>גלידת לוטוס 1 ליטר</ManufacturerItemDescription><SoldByWeight/><Quantity>1000.00</Quantity><UnitOfMeasure>מ"ל</UnitOfMeasure><QtyInPackage>לא ידוע</QtyInPackage><UnitOfMeasurePrice>0.0229</UnitOfMeasurePrice><AllowDiscount>1</AllowDiscount><ItemStatus>1</ItemStatus><ItemPrice>22.90</ItemPrice></item><item><PriceUpdateDate>2016-02-04 06:54:59</PriceUpdateDate><ItemCode>7290015597272</ItemCode><ItemType>1</ItemType><ItemName>גלידת קליק 1 ליטר</ItemName><ManufacturerName>שטראוס גלידה</ManufacturerName><ManufactureCountry>לא ידוע</ManufactureCountry><ManufacturerItemDescription>גלידת קליק 1 ליטר</ManufacturerItemDescription><SoldByWeight/><Quantity>1000.00</Quantity><UnitOfMeasure>מ"ל</UnitOfMeasure><QtyInPackage>לא ידוע</QtyInPackage><UnitOfMeasurePrice>0.0229</UnitOfMeasurePrice><AllowDiscount>1</AllowDiscount><ItemStatus>1</ItemStatus><ItemPrice>22.90</ItemPrice></item><item><PriceUpdateDate>2016-03-01 06:45:11</PriceUpdateDate><ItemCode>7290015597326</ItemCode><ItemType>1</ItemType><ItemName>מאגדת  אייס לייט - ק</ItemName><ManufacturerName>שטראוס גלידה</ManufacturerName><ManufactureCountry>ישראל</ManufactureCountry><ManufacturerItemDescription>מאגדת  אייס לייט - ק</ManufacturerItemDescription><SoldByWeight/><Quantity>710.00</Quantity><UnitOfMeasure>גרם     </UnitOfMeasure><QtyInPackage>לא ידוע</QtyInPackage><UnitOfMeasurePrice>0.0393</UnitOfMeasurePrice><AllowDiscount>1</AllowDiscount><ItemStatus>1</ItemStatus><ItemPrice>27.90</ItemPrice></item><item><PriceUpdateDate>2016-05-01 12:09:07</PriceUpdateDate><ItemCode>7290015597333</ItemCode><ItemType>1</ItemType><ItemName>מאגדת מיני מגנום  אג</ItemName><ManufacturerName>מגנום-גלידה</ManufacturerName><ManufactureCountry>ישראל</ManufactureCountry><ManufacturerItemDescription>מאגדת מיני מגנום וניל</ManufacturerItemDescription><SoldByWeight/><Quantity>260.00</Quantity><UnitOfMeasure>גרם     </UnitOfMeasure><QtyInPackage>לא ידוע</QtyInPackage><UnitOfMeasurePrice>0.1150</UnitOfMeasurePrice><AllowDiscount>1</AllowDiscount><ItemStatus>1</ItemStatus><ItemPrice>29.90</ItemPrice></item><item><PriceUpdateDate>2016-03-01 07:13:44</PriceUpdateDate><ItemCode>7290015597357</ItemCode><ItemType>1</ItemType><ItemName>מב מאגדת לייט שוקולד</ItemName><ManufacturerName>שטראוס גלידה</ManufacturerName><ManufactureCountry>ישראל</ManufactureCountry><ManufacturerItemDescription>מב מאגדת לייט שוקולד</ManufacturerItemDescription><SoldByWeight/><Quantity>342.00</Quantity><UnitOfMeasure>גרם     </UnitOfMeasure><QtyInPackage>לא ידוע</QtyInPackage><UnitOfMeasurePrice>0.0582</UnitOfMeasurePrice><AllowDiscount>1</AllowDiscount><ItemStatus>1</ItemStatus><ItemPrice>19.90</ItemPrice></item><item><PriceUpdateDate>2016-02-04 06:54:59</PriceUpdateDate><ItemCode>7290015597432</ItemCode><ItemType>1</ItemType><ItemName>גלידת קרמבו 1 ליטר</ItemName><ManufacturerName>שטראוס גלידה</ManufacturerName><ManufactureCountry>לא ידוע</ManufactureCountry><ManufacturerItemDescription>גלידת קרמבו 1 ליטר</ManufacturerItemDescription><SoldByWeight/><Quantity>1000.00</Quantity><UnitOfMeasure>מ"ל</UnitOfMeasure><QtyInPackage>לא ידוע</QtyInPackage><UnitOfMeasurePrice>0.0229</UnitOfMeasurePrice><AllowDiscount>1</AllowDiscount><ItemStatus>1</ItemStatus><ItemPrice>22.90</ItemPrice></item><item><PriceUpdateDate>2016-02-17 06:56:27</PriceUpdateDate><ItemCode>7290015766005</ItemCode><ItemType>1</ItemType><ItemName>שרי וויטני 500 גרם</ItemName><ManufacturerName>ביכורי קטיף תעשיות</ManufacturerName><ManufactureCountry>לא ידוע</ManufactureCountry><ManufacturerItemDescription>שרי וויטני 500 גרם</ManufacturerItemDescription><SoldByWeight/><Quantity>500.00</Quantity><UnitOfMeasure>גרם     </UnitOfMeasure><QtyInPackage>לא ידוע</QtyInPackage><UnitOfMeasurePrice>0.0198</UnitOfMeasurePrice><AllowDiscount>1</AllowDiscount><ItemStatus>1</ItemStatus><ItemPrice>9.90</ItemPrice></item><item><PriceUpdateDate>2015-11-25 07:22:50</PriceUpdateDate><ItemCode>7290015804080</ItemCode><ItemType>1</ItemType><ItemName>רסק עגבניות 100 גרם</ItemName><ManufacturerName>לא ממותג</ManufacturerName><ManufactureCountry>לא ידוע</ManufactureCountry><ManufacturerItemDescription>רסק עגבניות 100 גרם</ManufacturerItemDescription><SoldByWeight/><Quantity>100.00</Quantity><UnitOfMeasure>גרם     </UnitOfMeasure><QtyInPackage>לא ידוע</QtyInPackage><UnitOfMeasurePrice>0.0180</UnitOfMeasurePrice><AllowDiscount>1</AllowDiscount><ItemStatus>1</ItemStatus><ItemPrice>1.80</ItemPrice></item><item><PriceUpdateDate>2015-12-17 11:42:43</PriceUpdateDate><ItemCode>7290016087055</ItemCode><ItemType>1</ItemType><ItemName>רסק עגבניות  100 גרם</ItemName><ManufacturerName>לא ממותג</ManufacturerName><ManufactureCountry>ישראל</ManufactureCountry><ManufacturerItemDescription>רסק עגבניות 100 22% גר</ManufacturerItemDescription><SoldByWeight/><Quantity>100.00</Quantity><UnitOfMeasure>גרם     </UnitOfMeasure><QtyInPackage>לא ידוע</QtyInPackage><UnitOfMeasurePrice>0.0190</UnitOfMeasurePrice><AllowDiscount>1</AllowDiscount><ItemStatus>1</ItemStatus><ItemPrice>1.90</ItemPrice></item><item><PriceUpdateDate>2015-12-17 11:42:43</PriceUpdateDate><ItemCode>7290016087062</ItemCode><ItemType>1</ItemType><ItemName>רסק עגבניות 260 גרם</ItemName><ManufacturerName>לא ממותג</ManufacturerName><ManufactureCountry>ישראל</ManufactureCountry><ManufacturerItemDescription>רסק עגבניות 260 22% גרם</ManufacturerItemDescription><SoldByWeight/><Quantity>260.00</Quantity><UnitOfMeasure>גרם     </UnitOfMeasure><QtyInPackage>לא ידוע</QtyInPackage><UnitOfMeasurePrice>0.0146</UnitOfMeasurePrice><AllowDiscount>1</AllowDiscount><ItemStatus>1</ItemStatus><ItemPrice>3.80</ItemPrice></item><item><PriceUpdateDate>2015-12-03 06:55:45</PriceUpdateDate><ItemCode>7290016270488</ItemCode><ItemType>1</ItemType><ItemName>תרד</ItemName><ManufacturerName>ביכורי קטיף תעשיות</ManufacturerName><ManufactureCountry>לא ידוע</ManufactureCountry><ManufacturerItemDescription>תרד</ManufacturerItemDescription><SoldByWeight/><Quantity>1.00</Quantity><UnitOfMeasure>יח</UnitOfMeasure><QtyInPackage>לא ידוע</QtyInPackage><UnitOfMeasurePrice>10.0000</UnitOfMeasurePrice><AllowDiscount>1</AllowDiscount><ItemStatus>1</ItemStatus><ItemPrice>10.00</ItemPrice></item><item><PriceUpdateDate>2016-05-01 12:09:11</PriceUpdateDate><ItemCode>7290100243671</ItemCode><ItemType>1</ItemType><ItemName>מרכך כביסה בדין אקסט</ItemName><ManufacturerName>בדין</ManufacturerName><ManufactureCountry>ישראל</ManufactureCountry><ManufacturerItemDescription>מרכך כביסה בדין  960 מ"ל</ManufacturerItemDescription><SoldByWeight/><Quantity>960.00</Quantity><UnitOfMeasure>מ"ל</UnitOfMeasure><QtyInPackage>לא ידוע</QtyInPackage><UnitOfMeasurePrice>0.0207</UnitOfMeasurePrice><AllowDiscount>0</AllowDiscount><ItemStatus>1</ItemStatus><ItemPrice>19.90</ItemPrice></item><item><PriceUpdateDate>2016-02-02 05:51:31</PriceUpdateDate><ItemCode>7290100244609</ItemCode><ItemType>1</ItemType><ItemName>רוטב הלמנס לסלט אלף</ItemName><ManufacturerName>הלמנס</ManufacturerName><ManufactureCountry>ישראל</ManufactureCountry><ManufacturerItemDescription>רוטב הלמנס לסלט אלף</ManufacturerItemDescription><SoldByWeight/><Quantity>290.00</Quantity><UnitOfMeasure>מ"ל</UnitOfMeasure><QtyInPackage>לא ידוע</QtyInPackage><UnitOfMeasurePrice>0.0493</UnitOfMeasurePrice><AllowDiscount>1</AllowDiscount><ItemStatus>1</ItemStatus><ItemPrice>14.30</ItemPrice></item><item><PriceUpdateDate>2015-12-10 06:52:31</PriceUpdateDate><ItemCode>7290100247105</ItemCode><ItemType>1</ItemType><ItemName>תחליב רחצה פינוק קוק</ItemName><ManufacturerName>פינוק</ManufacturerName><ManufactureCountry>ישראל</ManufactureCountry><ManufacturerItemDescription>תחליב רחצה פינוק קוק</ManufacturerItemDescription><SoldByWeight/><Quantity>700.00</Quantity><UnitOfMeasure>מ"ל</UnitOfMeasure><QtyInPackage>לא ידוע</QtyInPackage><UnitOfMeasurePrice>0.0199</UnitOfMeasurePrice><AllowDiscount>1</AllowDiscount><ItemStatus>1</ItemStatus><ItemPrice>13.90</ItemPrice></item><item><PriceUpdateDate>2016-05-01 12:09:12</PriceUpdateDate><ItemCode>7290100248720</ItemCode><ItemType>1</ItemType><ItemName>מרק טעם עוף כשל"פ 1</ItemName><ManufacturerName>תלמה</ManufacturerName><ManufactureCountry>ישראל</ManufactureCountry><ManufacturerItemDescription>מרק טעם עוף כשל"פ 1</ManufacturerItemDescription><SoldByWeight/><Quantity>1000.00</Quantity><UnitOfMeasure>גרם     </UnitOfMeasure><QtyInPackage>לא ידוע</QtyInPackage><UnitOfMeasurePrice>0.0143</UnitOfMeasurePrice><AllowDiscount>1</AllowDiscount><ItemStatus>1</ItemStatus><ItemPrice>14.30</ItemPrice></item><item><PriceUpdateDate>2016-05-01 12:09:15</PriceUpdateDate><ItemCode>7290100680889</ItemCode><ItemType>1</ItemType><ItemName>קרם קרקר חיטה מלאה 2</ItemName><ManufacturerName>קרם קרקר אסם</ManufacturerName><ManufactureCountry>ישראל</ManufactureCountry><ManufacturerItemDescription>קרקר קרם פלוס חיטה מלאה 3</ManufacturerItemDescription><SoldByWeight/><Quantity>250.00</Quantity><UnitOfMeasure>גרם     </UnitOfMeasure><QtyInPackage>לא ידוע</QtyInPackage><UnitOfMeasurePrice>0.0480</UnitOfMeasurePrice><AllowDiscount>1</AllowDiscount><ItemStatus>1</ItemStatus><ItemPrice>11.90</ItemPrice></item><item><PriceUpdateDate>2016-05-01 10:29:30</PriceUpdateDate><ItemCode>7290100681138</ItemCode><ItemType>1</ItemType><ItemName>מב מארז חטיף אפרופו</ItemName><ManufacturerName>אסם</ManufacturerName><ManufactureCountry>ישראל</ManufactureCountry><ManufacturerItemDescription>מב מארז חטיף אפרופו</ManufacturerItemDescription><SoldByWeight/><Quantity>150.00</Quantity><UnitOfMeasure>גרם     </UnitOfMeasure><QtyInPackage>לא ידוע</QtyInPackage><UnitOfMeasurePrice>0.0793</UnitOfMeasurePrice><AllowDiscount>1</AllowDiscount><ItemStatus>1</ItemStatus><ItemPrice>11.90</ItemPrice></item><item><PriceUpdateDate>2016-03-01 07:13:45</PriceUpdateDate><ItemCode>7290100687109</ItemCode><ItemType>1</ItemType><ItemName>במבה במילוי נוגט 60</ItemName><ManufacturerName>במבה</ManufacturerName><ManufactureCountry>ישראל</ManufactureCountry><ManufacturerItemDescription>במבה במילוי נוגט 60 גרם</ManufacturerItemDescription><SoldByWeight/><Quantity>60.00</Quantity><UnitOfMeasure>גרם     </UnitOfMeasure><QtyInPackage>לא ידוע</QtyInPackage><UnitOfMeasurePrice>0.0933</UnitOfMeasurePrice><AllowDiscount>1</AllowDiscount><ItemStatus>1</ItemStatus><ItemPrice>5.60</ItemPrice></item><item><PriceUpdateDate>2016-05-04 07:47:52</PriceUpdateDate><ItemCode>7290100689264</ItemCode><ItemType>1</ItemType><ItemName>מב האני נאט צ'יריוס</ItemName><ManufacturerName>הני נט צריוס</ManufacturerName><ManufactureCountry>ארצות הברית</ManufactureCountry><ManufacturerItemDescription>חטיף ביסקוויט   ם חלב32ג</ManufacturerItemDescription><SoldByWeight/><Quantity>615.00</Quantity><UnitOfMeasure>גרם     </UnitOfMeasure><QtyInPackage>לא ידוע</QtyInPackage><UnitOfMeasurePrice>0.0324</UnitOfMeasurePrice><AllowDiscount>1</AllowDiscount><ItemStatus>1</ItemStatus><ItemPrice>19.90</ItemPrice></item><item><PriceUpdateDate>2016-03-29 07:28:50</PriceUpdateDate><ItemCode>7290100700396</ItemCode><ItemType>1</ItemType><ItemName>מב אורז יסמין קלאסי</ItemName><ManufacturerName>סוגת</ManufacturerName><ManufactureCountry>ישראל</ManufactureCountry><ManufacturerItemDescription>אורז יסמין 1 קג</ManufacturerItemDescription><SoldByWeight/><Quantity>1000.00</Quantity><UnitOfMeasure>גרם     </UnitOfMeasure><QtyInPackage>לא ידוע</QtyInPackage><UnitOfMeasurePrice>0.0129</UnitOfMeasurePrice><AllowDiscount>0</AllowDiscount><ItemStatus>1</ItemStatus><ItemPrice>12.90</ItemPrice></item><item><PriceUpdateDate>2015-10-08 09:18:04</PriceUpdateDate><ItemCode>7290100701324</ItemCode><ItemType>1</ItemType><ItemName>סוכר 1 ק''ג דק דק</ItemName><ManufacturerName>סוגת</ManufacturerName><ManufactureCountry>ישראל</ManufactureCountry><ManufacturerItemDescription>סוכר 1 ק''ג דק דק</ManufacturerItemDescription><SoldByWeight/><Quantity>1000.00</Quantity><UnitOfMeasure>גרם     </UnitOfMeasure><QtyInPackage>לא ידוע</QtyInPackage><UnitOfMeasurePrice>0.0065</UnitOfMeasurePrice><AllowDiscount>1</AllowDiscount><ItemStatus>1</ItemStatus><ItemPrice>6.50</ItemPrice></item><item><PriceUpdateDate>2014-12-01 06:27:43</PriceUpdateDate><ItemCode>7290100701409</ItemCode><ItemType>1</ItemType><ItemName>קמחי תירס 500 גרם</ItemName><ManufacturerName>סוגת</ManufacturerName><ManufactureCountry>ישראל</ManufactureCountry><ManufacturerItemDescription>קמחי תירס 500 גרם</ManufacturerItemDescription><SoldByWeight/><Quantity>500.00</Quantity><UnitOfMeasure>גרם     </UnitOfMeasure><QtyInPackage>לא ידוע</QtyInPackage><UnitOfMeasurePrice>0.0138</UnitOfMeasurePrice><AllowDiscount>1</AllowDiscount><ItemStatus>1</ItemStatus><ItemPrice>6.90</ItemPrice></item><item><PriceUpdateDate>2016-05-01 12:09:20</PriceUpdateDate><ItemCode>7290100702260</ItemCode><ItemType>1</ItemType><ItemName>קוסקוס דק סוגת 350 ג</ItemName><ManufacturerName>סוגת</ManufacturerName><ManufactureCountry>ישראל</ManufactureCountry><ManufacturerItemDescription>קוסקוס דק סוגת 350 ג</ManufacturerItemDescription><SoldByWeight/><Quantity>350.00</Quantity><UnitOfMeasure>גרם     </UnitOfMeasure><QtyInPackage>לא ידוע</QtyInPackage><UnitOfMeasurePrice>0.0203</UnitOfMeasurePrice><AllowDiscount>1</AllowDiscount><ItemStatus>1</ItemStatus><ItemPrice>6.90</ItemPrice></item><item><PriceUpdateDate>2015-11-15 20:35:45</PriceUpdateDate><ItemCode>7290100702611</ItemCode><ItemType>1</ItemType><ItemName>פתיתים אפויים אורז ס</ItemName><ManufacturerName>סוגת</ManufacturerName><ManufactureCountry>ישראל</ManufactureCountry><ManufacturerItemDescription>פתיתים אפויים אורז ס</ManufacturerItemDescription><SoldByWeight/><Quantity>500.00</Quantity><UnitOfMeasure>גרם     </UnitOfMeasure><QtyInPackage>לא ידוע</QtyInPackage><UnitOfMeasurePrice>0.0142</UnitOfMeasurePrice><AllowDiscount>1</AllowDiscount><ItemStatus>1</ItemStatus><ItemPrice>7.10</ItemPrice></item><item><PriceUpdateDate>2016-03-16 14:00:32</PriceUpdateDate><ItemCode>7290100850459</ItemCode><ItemType>1</ItemType><ItemName>חטיפי מיני עלית מיקס</ItemName><ManufacturerName>מיקס</ManufacturerName><ManufactureCountry>ישראל</ManufactureCountry><ManufacturerItemDescription>חטיפי מיני עלית מיקס</ManufacturerItemDescription><SoldByWeight/><Quantity>390.00</Quantity><UnitOfMeasure>גרם     </UnitOfMeasure><QtyInPackage>לא ידוע</QtyInPackage><UnitOfMeasurePrice>0.0638</UnitOfMeasurePrice><AllowDiscount>1</AllowDiscount><ItemStatus>1</ItemStatus><ItemPrice>24.90</ItemPrice></item><item><PriceUpdateDate>2016-05-01 12:09:21</PriceUpdateDate><ItemCode>7290100857045</ItemCode><ItemType>1</ItemType><ItemName>שוקולד ספלנדיד מריר</ItemName><ManufacturerName>ספלנדיד</ManufacturerName><ManufactureCountry>ישראל</ManufactureCountry><ManufacturerItemDescription>שוקולד ספלנדיד מריר עם קפ</ManufacturerItemDescription><SoldByWeight/><Quantity>100.00</Quantity><UnitOfMeasure>גרם     </UnitOfMeasure><QtyInPackage>לא ידוע</QtyInPackage><UnitOfMeasurePrice>0.1190</UnitOfMeasurePrice><AllowDiscount>1</AllowDiscount><ItemStatus>1</ItemStatus><ItemPrice>11.90</ItemPrice></item><item><PriceUpdateDate>2016-03-16 14:01:06</PriceUpdateDate><ItemCode>7290100858592</ItemCode><ItemType>1</ItemType><ItemName>קקאו עלית 150 גרם</ItemName><ManufacturerName>עלית</ManufacturerName><ManufactureCountry>ישראל</ManufactureCountry><ManufacturerItemDescription>אבקת קקאו עלית 150 גרם</ManufacturerItemDescription><SoldByWeight/><Quantity>150.00</Quantity><UnitOfMeasure>גרם     </UnitOfMeasure><QtyInPackage>לא ידוע</QtyInPackage><UnitOfMeasurePrice>0.0660</UnitOfMeasurePrice><AllowDiscount>1</AllowDiscount><ItemStatus>1</ItemStatus><ItemPrice>9.90</ItemPrice></item><item><PriceUpdateDate>2016-05-01 12:09:21</PriceUpdateDate><ItemCode>7290100858608</ItemCode><ItemType>1</ItemType><ItemName>אבקת קקאו עלית 500 ג</ItemName><ManufacturerName>עלית</ManufacturerName><ManufactureCountry>ישראל</ManufactureCountry><ManufacturerItemDescription>אבקת קקאו עלית 500 ג</ManufacturerItemDescription><SoldByWeight/><Quantity>500.00</Quantity><UnitOfMeasure>גרם     </UnitOfMeasure><QtyInPackage>לא ידוע</QtyInPackage><UnitOfMeasurePrice>0.0598</UnitOfMeasurePrice><AllowDiscount>1</AllowDiscount><ItemStatus>1</ItemStatus><ItemPrice>29.90</ItemPrice></item><item><PriceUpdateDate>2016-01-15 07:10:22</PriceUpdateDate><ItemCode>7290100859162</ItemCode><ItemType>1</ItemType><ItemName>מאגדת זוג שוקולד פרה</ItemName><ManufacturerName>פרה</ManufacturerName><ManufactureCountry>ישראל</ManufactureCountry><ManufacturerItemDescription>מאגדת זוג שוקולד פרה</ManufacturerItemDescription><SoldByWeight/><Quantity>200.00</Quantity><UnitOfMeasure>גרם     </UnitOfMeasure><QtyInPackage>לא ידוע</QtyInPackage><UnitOfMeasurePrice>0.0795</UnitOfMeasurePrice><AllowDiscount>1</AllowDiscount><ItemStatus>1</ItemStatus><ItemPrice>15.90</ItemPrice></item><item><PriceUpdateDate>2016-03-16 14:00:32</PriceUpdateDate><ItemCode>7290100921401</ItemCode><ItemType>1</ItemType><ItemName>שמפו הוואי קרטין 700</ItemName><ManufacturerName>הוואי</ManufacturerName><ManufactureCountry>ישראל</ManufactureCountry><ManufacturerItemDescription>שמפו הוואי קרטין 700</ManufacturerItemDescription><SoldByWeight/><Quantity>700.00</Quantity><UnitOfMeasure>מ"ל</UnitOfMeasure><QtyInPackage>לא ידוע</QtyInPackage><UnitOfMeasurePrice>0.0141</UnitOfMeasurePrice><AllowDiscount>0</AllowDiscount><ItemStatus>1</ItemStatus><ItemPrice>9.90</ItemPrice></item><item><PriceUpdateDate>2016-03-16 14:00:32</PriceUpdateDate><ItemCode>7290100921418</ItemCode><ItemType>1</ItemType><ItemName>מרכך הוואי קרטין 700</ItemName><ManufacturerName>הוואי</ManufacturerName><ManufactureCountry>ישראל</ManufactureCountry><ManufacturerItemDescription>מרכך הוואי קרטין 700</ManufacturerItemDescription><SoldByWeight/><Quantity>700.00</Quantity><UnitOfMeasure>מ"ל</UnitOfMeasure><QtyInPackage>לא ידוע</QtyInPackage><UnitOfMeasurePrice>0.0141</UnitOfMeasurePrice><AllowDiscount>0</AllowDiscount><ItemStatus>1</ItemStatus><ItemPrice>9.90</ItemPrice></item><item><PriceUpdateDate>2016-03-16 14:00:32</PriceUpdateDate><ItemCode>7290100921517</ItemCode><ItemType>1</ItemType><ItemName>שמפו הוואי חמאת שיאה</ItemName><ManufacturerName>הוואי</ManufacturerName><ManufactureCountry>ישראל</ManufactureCountry><ManufacturerItemDescription>הוואי שמפו חמאת שיאה וקוק</ManufacturerItemDescription><SoldByWeight/><Quantity>700.00</Quantity><UnitOfMeasure>מ"ל</UnitOfMeasure><QtyInPackage>לא ידוע</QtyInPackage><UnitOfMeasurePrice>0.0141</UnitOfMeasurePrice><AllowDiscount>0</AllowDiscount><ItemStatus>1</ItemStatus><ItemPrice>9.90</ItemPrice></item><item><PriceUpdateDate>2016-03-16 14:00:32</PriceUpdateDate><ItemCode>7290100922606</ItemCode><ItemType>1</ItemType><ItemName>שמפו הוואי 7 שמני פר</ItemName><ManufacturerName>הוואי</ManufacturerName><ManufactureCountry>ישראל</ManufactureCountry><ManufacturerItemDescription>הוואי שמפו למניעת קשקשים7</ManufacturerItemDescription><SoldByWeight/><Quantity>700.00</Quantity><UnitOfMeasure>מ"ל</UnitOfMeasure><QtyInPackage>לא ידוע</QtyInPackage><UnitOfMeasurePrice>0.0141</UnitOfMeasurePrice><AllowDiscount>0</AllowDiscount><ItemStatus>1</ItemStatus><ItemPrice>9.90</ItemPrice></item><item><PriceUpdateDate>2016-03-16 14:00:32</PriceUpdateDate><ItemCode>7290100922613</ItemCode><ItemType>1</ItemType><ItemName>מרכך הוואי 7 שמני פר</ItemName><ManufacturerName>הוואי</ManufacturerName><ManufactureCountry>ישראל</ManufactureCountry><ManufacturerItemDescription>הוואי שמפו למניעת קשקשים7</ManufacturerItemDescription><SoldByWeight/><Quantity>700.00</Quantity><UnitOfMeasure>מ"ל</UnitOfMeasure><QtyInPackage>לא ידוע</QtyInPackage><UnitOfMeasurePrice>0.0141</UnitOfMeasurePrice><AllowDiscount>0</AllowDiscount><ItemStatus>1</ItemStatus><ItemPrice>9.90</ItemPrice></item><item><PriceUpdateDate>2016-03-29 07:11:15</PriceUpdateDate><ItemCode>7290100923177</ItemCode><ItemType>1</ItemType><ItemName>תחליב רחצה הוואי סחל</ItemName><ManufacturerName>הוואי</ManufacturerName><ManufactureCountry>ישראל</ManufactureCountry><ManufacturerItemDescription>תחליב רחצה הוואי סחל</ManufacturerItemDescription><SoldByWeight/><Quantity>750.00</Quantity><UnitOfMeasure>מ"ל</UnitOfMeasure><QtyInPackage>לא ידוע</QtyInPackage><UnitOfMeasurePrice>0.0212</UnitOfMeasurePrice><AllowDiscount>0</AllowDiscount><ItemStatus>1</ItemStatus><ItemPrice>15.90</ItemPrice></item><item><PriceUpdateDate>2016-05-01 10:29:40</PriceUpdateDate><ItemCode>7290100929889</ItemCode><ItemType>1</ItemType><ItemName>ג'ל כביסה פרסיל לבנד</ItemName><ManufacturerName>פרסיל</ManufacturerName><ManufactureCountry>ישראל</ManufactureCountry><ManufacturerItemDescription>ג'ל כביסה פרסיל לבנד</ManufacturerItemDescription><SoldByWeight/><Quantity>3000.00</Quantity><UnitOfMeasure>מ"ל</UnitOfMeasure><QtyInPackage>לא ידוע</QtyInPackage><UnitOfMeasurePrice>0.0110</UnitOfMeasurePrice><AllowDiscount>1</AllowDiscount><ItemStatus>1</ItemStatus><ItemPrice>32.90</ItemPrice></item><item><PriceUpdateDate>2015-11-12 15:14:20</PriceUpdateDate><ItemCode>7290101450283</ItemCode><ItemType>1</ItemType><ItemName>שקית 50 פסטל</ItemName><ManufacturerName>שמחה זה אנחנו</ManufacturerName><ManufactureCountry>ישראל</ManufactureCountry><ManufacturerItemDescription>שקית 50 פסטל</ManufacturerItemDescription><SoldByWeight/><Quantity>0.00</Quantity><UnitOfMeasure>יח'</UnitOfMeasure><QtyInPackage>לא ידוע</QtyInPackage><UnitOfMeasurePrice>0.0000</UnitOfMeasurePrice><AllowDiscount>1</AllowDiscount><ItemStatus>1</ItemStatus><ItemPrice>14.20</ItemPrice></item><item><PriceUpdateDate>2016-03-16 07:09:12</PriceUpdateDate><ItemCode>7290101501374</ItemCode><ItemType>3</ItemType><ItemName>דלעת ארוזה</ItemName><ManufacturerName>.N.Y.C</ManufacturerName><ManufactureCountry>ישראל</ManufactureCountry><ManufacturerItemDescription>דלעת ארוזה</ManufacturerItemDescription><SoldByWeight/><Quantity>1.00</Quantity><UnitOfMeasure>ק"ג</UnitOfMeasure><QtyInPackage>לא ידוע</QtyInPackage><UnitOfMeasurePrice>10.9000</UnitOfMeasurePrice><AllowDiscount>1</AllowDiscount><ItemStatus>1</ItemStatus><ItemPrice>10.90</ItemPrice></item><item><PriceUpdateDate>2016-03-16 14:00:33</PriceUpdateDate><ItemCode>7290101866176</ItemCode><ItemType>1</ItemType><ItemName>ג'ל כביסה קולון 101</ItemName><ManufacturerName>קולון</ManufacturerName><ManufactureCountry>ישראל</ManufactureCountry><ManufacturerItemDescription>גל כביסה קולון 3 101 ליטר</ManufacturerItemDescription><SoldByWeight/><Quantity>3000.00</Quantity><UnitOfMeasure>גרם     </UnitOfMeasure><QtyInPackage>לא ידוע</QtyInPackage><UnitOfMeasurePrice>0.0100</UnitOfMeasurePrice><AllowDiscount>1</AllowDiscount><ItemStatus>1</ItemStatus><ItemPrice>29.90</ItemPrice></item><item><PriceUpdateDate>2016-03-16 14:00:33</PriceUpdateDate><ItemCode>7290101869511</ItemCode><ItemType>1</ItemType><ItemName>ג'ל כביסה קולון 101</ItemName><ManufacturerName>קולון</ManufacturerName><ManufactureCountry>ישראל</ManufactureCountry><ManufacturerItemDescription>ג'ל כביסה קולון 101</ManufacturerItemDescription><SoldByWeight/><Quantity>3000.00</Quantity><UnitOfMeasure>גרם     </UnitOfMeasure><QtyInPackage>לא ידוע</QtyInPackage><UnitOfMeasurePrice>0.0100</UnitOfMeasurePrice><AllowDiscount>1</AllowDiscount><ItemStatus>1</ItemStatus><ItemPrice>29.90</ItemPrice></item><item><PriceUpdateDate>2016-03-01 06:45:17</PriceUpdateDate><ItemCode>7290102030330</ItemCode><ItemType>1</ItemType><ItemName>תפוצ'יפס קראנצ' מקסי</ItemName><ManufacturerName>תפוציפס</ManufacturerName><ManufactureCountry>ישראל</ManufactureCountry><ManufacturerItemDescription>תפוציפס קראנץ מקסיקני 200</ManufacturerItemDescription><SoldByWeight/><Quantity>200.00</Quantity><UnitOfMeasure>גרם     </UnitOfMeasure><QtyInPackage>לא ידוע</QtyInPackage><UnitOfMeasurePrice>0.0610</UnitOfMeasurePrice><AllowDiscount>1</AllowDiscount><ItemStatus>1</ItemStatus><ItemPrice>12.20</ItemPrice></item><item><PriceUpdateDate>2015-12-17 11:43:07</PriceUpdateDate><ItemCode>7290102031276</ItemCode><ItemType>1</ItemType><ItemName>מארז אקטימל תות בננה</ItemName><ManufacturerName>אקטימל</ManufacturerName><ManufactureCountry>ישראל</ManufactureCountry><ManufacturerItemDescription>מארז אקטימל תות בננה</ManufacturerItemDescription><SoldByWeight/><Quantity>850.00</Quantity><UnitOfMeasure>מ"ל</UnitOfMeasure><QtyInPackage>לא ידוע</QtyInPackage><UnitOfMeasurePrice>0.0258</UnitOfMeasurePrice><AllowDiscount>1</AllowDiscount><ItemStatus>1</ItemStatus><ItemPrice>21.90</ItemPrice></item><item><PriceUpdateDate>2015-11-02 17:20:58</PriceUpdateDate><ItemCode>7290102033553</ItemCode><ItemType>1</ItemType><ItemName>חטיף דוריטוס חמוץ חר</ItemName><ManufacturerName>דוריטוס</ManufacturerName><ManufactureCountry>ישראל</ManufactureCountry><ManufacturerItemDescription>דוריטוס חמוץ חריף 200 גרם</ManufacturerItemDescription><SoldByWeight/><Quantity>200.00</Quantity><UnitOfMeasure>גרם     </UnitOfMeasure><QtyInPackage>לא ידוע</QtyInPackage><UnitOfMeasurePrice>0.0505</UnitOfMeasurePrice><AllowDiscount>1</AllowDiscount><ItemStatus>1</ItemStatus><ItemPrice>10.10</ItemPrice></item><item><PriceUpdateDate>2016-01-14 06:59:42</PriceUpdateDate><ItemCode>7290102035007</ItemCode><ItemType>1</ItemType><ItemName>מסטיק מאסט בזוקה 28</ItemName><ManufacturerName>מאסט</ManufacturerName><ManufactureCountry>ישראל</ManufactureCountry><ManufacturerItemDescription>מסטיק מאסט בטעם בזוקה</ManufacturerItemDescription><SoldByWeight/><Quantity>28.00</Quantity><UnitOfMeasure>גרם     </UnitOfMeasure><QtyInPackage>לא ידוע</QtyInPackage><UnitOfMeasurePrice>0.1607</UnitOfMeasurePrice><AllowDiscount>1</AllowDiscount><ItemStatus>1</ItemStatus><ItemPrice>4.50</ItemPrice></item><item><PriceUpdateDate>2015-02-05 06:32:47</PriceUpdateDate><ItemCode>7290102051014</ItemCode><ItemType>1</ItemType><ItemName>נורת ליבון בהיר 60V</ItemName><ManufacturerName>לא ממותג</ManufacturerName><ManufactureCountry>ישראל</ManufactureCountry><ManufacturerItemDescription>נורת ליבון בהיר 60V</ManufacturerItemDescription><SoldByWeight/><Quantity>1.00</Quantity><UnitOfMeasure>יח'</UnitOfMeasure><QtyInPackage>לא ידוע</QtyInPackage><UnitOfMeasurePrice>2.5000</UnitOfMeasurePrice><AllowDiscount>1</AllowDiscount><ItemStatus>1</ItemStatus><ItemPrice>2.50</ItemPrice></item><item><PriceUpdateDate>2015-10-13 11:27:37</PriceUpdateDate><ItemCode>7290102390427</ItemCode><ItemType>1</ItemType><ItemName>יוגורט פרופתות מולר</ItemName><ManufacturerName>מולר</ManufacturerName><ManufactureCountry>ישראל</ManufactureCountry><ManufacturerItemDescription>פרופ תות מולר 150 מל</ManufacturerItemDescription><SoldByWeight/><Quantity>150.00</Quantity><UnitOfMeasure>מ"ל</UnitOfMeasure><QtyInPackage>לא ידוע</QtyInPackage><UnitOfMeasurePrice>0.0367</UnitOfMeasurePrice><AllowDiscount>1</AllowDiscount><ItemStatus>1</ItemStatus><ItemPrice>5.50</ItemPrice></item><item><PriceUpdateDate>2015-10-13 11:27:37</PriceUpdateDate><ItemCode>7290102390465</ItemCode><ItemType>1</ItemType><ItemName>יוגורט פרופאפרסק ופס</ItemName><ManufacturerName>מולר</ManufacturerName><ManufactureCountry>ישראל</ManufactureCountry><ManufacturerItemDescription>פרופ אפרסק פסיפלורה מולר</ManufacturerItemDescription><SoldByWeight/><Quantity>150.00</Quantity><UnitOfMeasure>מ"ל</UnitOfMeasure><QtyInPackage>לא ידוע</QtyInPackage><UnitOfMeasurePrice>0.0367</UnitOfMeasurePrice><AllowDiscount>1</AllowDiscount><ItemStatus>1</ItemStatus><ItemPrice>5.50</ItemPrice></item><item><PriceUpdateDate>2015-10-13 11:27:38</PriceUpdateDate><ItemCode>7290102390489</ItemCode><ItemType>1</ItemType><ItemName>יוגורט פרופלימון מול</ItemName><ManufacturerName>מולר</ManufacturerName><ManufactureCountry>ישראל</ManufactureCountry><ManufacturerItemDescription>פרופ לימון מולר 150 מל</ManufacturerItemDescription><SoldByWeight/><Quantity>150.00</Quantity><UnitOfMeasure>מ"ל</UnitOfMeasure><QtyInPackage>לא ידוע</QtyInPackage><UnitOfMeasurePrice>0.0367</UnitOfMeasurePrice><AllowDiscount>1</AllowDiscount><ItemStatus>1</ItemStatus><ItemPrice>5.50</ItemPrice></item><item><PriceUpdateDate>2015-10-13 11:27:38</PriceUpdateDate><ItemCode>7290102391844</ItemCode><ItemType>1</ItemType><ItemName>יוגורט פרופ פירות יע</ItemName><ManufacturerName>מולר</ManufacturerName><ManufactureCountry>ישראל</ManufactureCountry><ManufacturerItemDescription>פרופ פירות יער מולר 150</ManufacturerItemDescription><SoldByWeight/><Quantity>150.00</Quantity><UnitOfMeasure>מ"ל</UnitOfMeasure><QtyInPackage>לא ידוע</QtyInPackage><UnitOfMeasurePrice>0.0367</UnitOfMeasurePrice><AllowDiscount>1</AllowDiscount><ItemStatus>1</ItemStatus><ItemPrice>5.50</ItemPrice></item><item><PriceUpdateDate>2016-05-01 12:09:32</PriceUpdateDate><ItemCode>7290102392094</ItemCode><ItemType>1</ItemType><ItemName>חלב עיזים צוריאל 1 ל</ItemName><ManufacturerName>משק צוריאל</ManufacturerName><ManufactureCountry>ישראל</ManufactureCountry><ManufacturerItemDescription>חלב עיזים 1 ליטר קרטון</ManufacturerItemDescription><SoldByWeight/><Quantity>1000.00</Quantity><UnitOfMeasure>מ"ל</UnitOfMeasure><QtyInPackage>לא ידוע</QtyInPackage><UnitOfMeasurePrice>0.0175</UnitOfMeasurePrice><AllowDiscount>0</AllowDiscount><ItemStatus>1</ItemStatus><ItemPrice>17.50</ItemPrice></item><item><PriceUpdateDate>2016-02-11 11:10:55</PriceUpdateDate><ItemCode>7290102392254</ItemCode><ItemType>1</ItemType><ItemName>חלב טרה 1% בקרטון 2</ItemName><ManufacturerName>טרה</ManufacturerName><ManufactureCountry>ישראל</ManufactureCountry><ManufacturerItemDescription>חלב טרה 1% בקרטון 2</ManufacturerItemDescription><SoldByWeight/><Quantity>2000.00</Quantity><UnitOfMeasure>מ"ל</UnitOfMeasure><QtyInPackage>לא ידוע</QtyInPackage><UnitOfMeasurePrice>0.0054</UnitOfMeasurePrice><AllowDiscount>1</AllowDiscount><ItemStatus>1</ItemStatus><ItemPrice>10.80</ItemPrice></item><item><PriceUpdateDate>2015-11-13 10:56:53</PriceUpdateDate><ItemCode>7290102392612</ItemCode><ItemType>1</ItemType><ItemName>יוגורט בדלי צוריאל 8</ItemName><ManufacturerName>משק צוריאל</ManufacturerName><ManufactureCountry>ישראל</ManufactureCountry><ManufacturerItemDescription>יוגורט בדלי צוריאל 8</ManufacturerItemDescription><SoldByWeight/><Quantity>850.00</Quantity><UnitOfMeasure>גרם     </UnitOfMeasure><QtyInPackage>לא ידוע</QtyInPackage><UnitOfMeasurePrice>0.0291</UnitOfMeasurePrice><AllowDiscount>1</AllowDiscount><ItemStatus>1</ItemStatus><ItemPrice>24.70</ItemPrice></item><item><PriceUpdateDate>2016-02-11 11:10:55</PriceUpdateDate><ItemCode>7290102392636</ItemCode><ItemType>1</ItemType><ItemName>שמנת מתוקה לקצפת 38%</ItemName><ManufacturerName>טרה</ManufacturerName><ManufactureCountry>ישראל</ManufactureCountry><ManufacturerItemDescription>שמנת מתוקה עמידה 250 38%</ManufacturerItemDescription><SoldByWeight/><Quantity>250.00</Quantity><UnitOfMeasure>מ"ל</UnitOfMeasure><QtyInPackage>לא ידוע</QtyInPackage><UnitOfMeasurePrice>0.0238</UnitOfMeasurePrice><AllowDiscount>1</AllowDiscount><ItemStatus>1</ItemStatus><ItemPrice>5.95</ItemPrice></item><item><PriceUpdateDate>2015-10-13 11:27:38</PriceUpdateDate><ItemCode>7290102392711</ItemCode><ItemType>1</ItemType><ItemName>יוגורט מולר ביאנקו ל</ItemName><ManufacturerName>מולר</ManufacturerName><ManufactureCountry>ישראל</ManufactureCountry><ManufacturerItemDescription>מולר ביאנקו 200 1.7%  גרם</ManufacturerItemDescription><SoldByWeight/><Quantity>200.00</Quantity><UnitOfMeasure>גרם     </UnitOfMeasure><QtyInPackage>לא ידוע</QtyInPackage><UnitOfMeasurePrice>0.0205</UnitOfMeasurePrice><AllowDiscount>0</AllowDiscount><ItemStatus>1</ItemStatus><ItemPrice>4.10</ItemPrice></item><item><PriceUpdateDate>2015-10-13 11:27:38</PriceUpdateDate><ItemCode>7290102392728</ItemCode><ItemType>1</ItemType><ItemName>יוגורט מולר ביאנקו ל</ItemName><ManufacturerName>מולר</ManufacturerName><ManufactureCountry>ישראל</ManufactureCountry><ManufacturerItemDescription>מולר ביאנקו 200 2.8%  גרם</ManufacturerItemDescription><SoldByWeight/><Quantity>200.00</Quantity><UnitOfMeasure>גרם     </UnitOfMeasure><QtyInPackage>לא ידוע</QtyInPackage><UnitOfMeasurePrice>0.0205</UnitOfMeasurePrice><AllowDiscount>0</AllowDiscount><ItemStatus>1</ItemStatus><ItemPrice>4.10</ItemPrice></item><item><PriceUpdateDate>2015-10-13 11:27:38</PriceUpdateDate><ItemCode>7290102393039</ItemCode><ItemType>1</ItemType><ItemName>מולר מיקס פצפוצי שוק</ItemName><ManufacturerName>מולר</ManufacturerName><ManufactureCountry>ישראל</ManufactureCountry><ManufacturerItemDescription>יוגורט מולר מיקס פצפוצי ש</ManufacturerItemDescription><SoldByWeight/><Quantity>150.00</Quantity><UnitOfMeasure>גרם     </UnitOfMeasure><QtyInPackage>לא ידוע</QtyInPackage><UnitOfMeasurePrice>0.0420</UnitOfMeasurePrice><AllowDiscount>0</AllowDiscount><ItemStatus>1</ItemStatus><ItemPrice>6.30</ItemPrice></item><item><PriceUpdateDate>2015-10-13 11:27:38</PriceUpdateDate><ItemCode>7290102393060</ItemCode><ItemType>1</ItemType><ItemName>מולר מיקס גליליות קר</ItemName><ManufacturerName>מולר</ManufacturerName><ManufactureCountry>ישראל</ManufactureCountry><ManufacturerItemDescription>יוגורט קרם אגוזים מולר מי</ManufacturerItemDescription><SoldByWeight/><Quantity>150.00</Quantity><UnitOfMeasure>גרם     </UnitOfMeasure><QtyInPackage>לא ידוע</QtyInPackage><UnitOfMeasurePrice>0.0420</UnitOfMeasurePrice><AllowDiscount>0</AllowDiscount><ItemStatus>1</ItemStatus><ItemPrice>6.30</ItemPrice></item><item><PriceUpdateDate>2015-10-13 11:27:38</PriceUpdateDate><ItemCode>7290102393169</ItemCode><ItemType>1</ItemType><ItemName>מולר תות 3% 150 גרם</ItemName><ManufacturerName>מולר</ManufacturerName><ManufactureCountry>ישראל</ManufactureCountry><ManufacturerItemDescription>יוגורט סימפלי תות 150 3%</ManufacturerItemDescription><SoldByWeight/><Quantity>150.00</Quantity><UnitOfMeasure>גרם     </UnitOfMeasure><QtyInPackage>לא ידוע</QtyInPackage><UnitOfMeasurePrice>0.0360</UnitOfMeasurePrice><AllowDiscount>1</AllowDiscount><ItemStatus>1</ItemStatus><ItemPrice>5.40</ItemPrice></item><item><PriceUpdateDate>2015-10-13 11:27:38</PriceUpdateDate><ItemCode>7290102393190</ItemCode><ItemType>1</ItemType><ItemName>מולר פירות יער 3% 15</ItemName><ManufacturerName>מולר</ManufacturerName><ManufactureCountry>ישראל</ManufactureCountry><ManufacturerItemDescription>יוגורט סימפלי פירות יער</ManufacturerItemDescription><SoldByWeight/><Quantity>150.00</Quantity><UnitOfMeasure>גרם     </UnitOfMeasure><QtyInPackage>לא ידוע</QtyInPackage><UnitOfMeasurePrice>0.0360</UnitOfMeasurePrice><AllowDiscount>1</AllowDiscount><ItemStatus>1</ItemStatus><ItemPrice>5.40</ItemPrice></item><item><PriceUpdateDate>2016-03-29 07:28:52</PriceUpdateDate><ItemCode>7290102393268</ItemCode><ItemType>1</ItemType><ItemName>מב גבינה לבנה 5% 750</ItemName><ManufacturerName>טרה</ManufacturerName><ManufactureCountry>ישראל</ManufactureCountry><ManufacturerItemDescription>מב גבינה לבנה 5% 750</ManufacturerItemDescription><SoldByWeight/><Quantity>750.00</Quantity><UnitOfMeasure>גרם     </UnitOfMeasure><QtyInPackage>לא ידוע</QtyInPackage><UnitOfMeasurePrice>0.0169</UnitOfMeasurePrice><AllowDiscount>1</AllowDiscount><ItemStatus>1</ItemStatus><ItemPrice>12.70</ItemPrice></item><item><PriceUpdateDate>2016-03-29 07:11:17</PriceUpdateDate><ItemCode>7290102393299</ItemCode><ItemType>1</ItemType><ItemName>יוגורט עיזים לשתיה 5</ItemName><ManufacturerName>משק צוריאל</ManufacturerName><ManufactureCountry>ישראל</ManufactureCountry><ManufacturerItemDescription>יוגורט עיזים לשתיה 500 מל</ManufacturerItemDescription><SoldByWeight/><Quantity>500.00</Quantity><UnitOfMeasure>גרם     </UnitOfMeasure><QtyInPackage>לא ידוע</QtyInPackage><UnitOfMeasurePrice>0.0278</UnitOfMeasurePrice><AllowDiscount>1</AllowDiscount><ItemStatus>1</ItemStatus><ItemPrice>13.90</ItemPrice></item><item><PriceUpdateDate>2015-10-13 11:27:38</PriceUpdateDate><ItemCode>7290102393947</ItemCode><ItemType>1</ItemType><ItemName>מולר קיווי 3% 150 גר</ItemName><ManufacturerName>מולר</ManufacturerName><ManufactureCountry>ישראל</ManufactureCountry><ManufacturerItemDescription>יוגורט סימפלי קיווי  150</ManufacturerItemDescription><SoldByWeight/><Quantity>150.00</Quantity><UnitOfMeasure>גרם     </UnitOfMeasure><QtyInPackage>לא ידוע</QtyInPackage><UnitOfMeasurePrice>0.0360</UnitOfMeasurePrice><AllowDiscount>1</AllowDiscount><ItemStatus>1</ItemStatus><ItemPrice>5.40</ItemPrice></item><item><PriceUpdateDate>2016-02-15 08:41:19</PriceUpdateDate><ItemCode>7290102394463</ItemCode><ItemType>1</ItemType><ItemName>גבינה צהובה 28% בווא</ItemName><ManufacturerName>ג.נ'עם</ManufacturerName><ManufactureCountry>ישראל</ManufactureCountry><ManufacturerItemDescription>גבינה צהובה 500 28% גרם</ManufacturerItemDescription><SoldByWeight/><Quantity>500.00</Quantity><UnitOfMeasure>גרם     </UnitOfMeasure><QtyInPackage>לא ידוע</QtyInPackage><UnitOfMeasurePrice>0.0578</UnitOfMeasurePrice><AllowDiscount>1</AllowDiscount><ItemStatus>1</ItemStatus><ItemPrice>28.90</ItemPrice></item><item><PriceUpdateDate>2016-02-11 11:10:55</PriceUpdateDate><ItemCode>7290102394814</ItemCode><ItemType>1</ItemType><ItemName>חמאה 200 גרם טרה</ItemName><ManufacturerName>טרה</ManufacturerName><ManufactureCountry>ישראל</ManufactureCountry><ManufacturerItemDescription>חמאה 200 גרם טרה</ManufacturerItemDescription><SoldByWeight/><Quantity>200.00</Quantity><UnitOfMeasure>גרם     </UnitOfMeasure><QtyInPackage>לא ידוע</QtyInPackage><UnitOfMeasurePrice>0.0380</UnitOfMeasurePrice><AllowDiscount>1</AllowDiscount><ItemStatus>1</ItemStatus><ItemPrice>7.60</ItemPrice></item><item><PriceUpdateDate>2015-10-22 08:33:00</PriceUpdateDate><ItemCode>7290102394821</ItemCode><ItemType>1</ItemType><ItemName>גבינה צהובה דקדק 28%</ItemName><ManufacturerName>ג.נ'עם</ManufacturerName><ManufactureCountry>ישראל</ManufactureCountry><ManufacturerItemDescription>גבינה צהובה דקדק 200 28%</ManufacturerItemDescription><SoldByWeight/><Quantity>200.00</Quantity><UnitOfMeasure>גרם     </UnitOfMeasure><QtyInPackage>לא ידוע</QtyInPackage><UnitOfMeasurePrice>0.0815</UnitOfMeasurePrice><AllowDiscount>1</AllowDiscount><ItemStatus>1</ItemStatus><ItemPrice>16.30</ItemPrice></item><item><PriceUpdateDate>2015-10-13 11:27:38</PriceUpdateDate><ItemCode>7290102394845</ItemCode><ItemType>1</ItemType><ItemName>גבינה צהובה דקדק 9%</ItemName><ManufacturerName>ג.נ'עם</ManufacturerName><ManufactureCountry>ישראל</ManufactureCountry><ManufacturerItemDescription>גבינה צהובה200 9% גרם דק</ManufacturerItemDescription><SoldByWeight/><Quantity>200.00</Quantity><UnitOfMeasure>גרם     </UnitOfMeasure><QtyInPackage>לא ידוע</QtyInPackage><UnitOfMeasurePrice>0.0855</UnitOfMeasurePrice><AllowDiscount>1</AllowDiscount><ItemStatus>1</ItemStatus><ItemPrice>17.10</ItemPrice></item><item><PriceUpdateDate>2015-10-13 11:27:38</PriceUpdateDate><ItemCode>7290102395224</ItemCode><ItemType>1</ItemType><ItemName>מאגדת מולר ביאנקו נט</ItemName><ManufacturerName>מולר</ManufacturerName><ManufactureCountry>ישראל</ManufactureCountry><ManufacturerItemDescription>מאגדת מולר ביאנקו נט</ManufacturerItemDescription><SoldByWeight/><Quantity>1200.00</Quantity><UnitOfMeasure>גרם     </UnitOfMeasure><QtyInPackage>לא ידוע</QtyInPackage><UnitOfMeasurePrice>0.0154</UnitOfMeasurePrice><AllowDiscount>1</AllowDiscount><ItemStatus>1</ItemStatus><ItemPrice>18.50</ItemPrice></item><item><PriceUpdateDate>2015-10-13 11:27:38</PriceUpdateDate><ItemCode>7290102395231</ItemCode><ItemType>1</ItemType><ItemName>מאגדת מולר ביאנקו נט</ItemName><ManufacturerName>מולר</ManufacturerName><ManufactureCountry>ישראל</ManufactureCountry><ManufacturerItemDescription>מאגדת מולר ביאנקו נט</ManufacturerItemDescription><SoldByWeight/><Quantity>1200.00</Quantity><UnitOfMeasure>גרם     </UnitOfMeasure><QtyInPackage>לא ידוע</QtyInPackage><UnitOfMeasurePrice>0.0154</UnitOfMeasurePrice><AllowDiscount>1</AllowDiscount><ItemStatus>1</ItemStatus><ItemPrice>18.50</ItemPrice></item><item><PriceUpdateDate>2015-10-22 08:33:00</PriceUpdateDate><ItemCode>7290102395378</ItemCode><ItemType>1</ItemType><ItemName>גבינה צהובה וואקום 2</ItemName><ManufacturerName>ג.נ'עם</ManufacturerName><ManufactureCountry>ישראל</ManufactureCountry><ManufacturerItemDescription>גבינה צהובה 360 28% גרם</ManufacturerItemDescription><SoldByWeight/><Quantity>360.00</Quantity><UnitOfMeasure>גרם     </UnitOfMeasure><QtyInPackage>לא ידוע</QtyInPackage><UnitOfMeasurePrice>0.0592</UnitOfMeasurePrice><AllowDiscount>1</AllowDiscount><ItemStatus>1</ItemStatus><ItemPrice>21.30</ItemPrice></item><item><PriceUpdateDate>2015-10-13 11:27:38</PriceUpdateDate><ItemCode>7290102395446</ItemCode><ItemType>1</ItemType><ItemName>מעדן מוו וניל וקצפת</ItemName><ManufacturerName>מוו</ManufacturerName><ManufactureCountry>ישראל</ManufactureCountry><ManufacturerItemDescription>מעדן מוו וניל וקצפת</ManufacturerItemDescription><SoldByWeight/><Quantity>123.00</Quantity><UnitOfMeasure>גרם     </UnitOfMeasure><QtyInPackage>לא ידוע</QtyInPackage><UnitOfMeasurePrice>0.0252</UnitOfMeasurePrice><AllowDiscount>1</AllowDiscount><ItemStatus>1</ItemStatus><ItemPrice>3.10</ItemPrice></item><item><PriceUpdateDate>2015-10-13 11:27:38</PriceUpdateDate><ItemCode>7290102395460</ItemCode><ItemType>1</ItemType><ItemName>מעדן מוו שוקולד אגוז</ItemName><ManufacturerName>מוו</ManufacturerName><ManufactureCountry>ישראל</ManufactureCountry><ManufacturerItemDescription>מעדן מוו שוקולד אגוז</ManufacturerItemDescription><SoldByWeight/><Quantity>123.00</Quantity><UnitOfMeasure>גרם     </UnitOfMeasure><QtyInPackage>לא ידוע</QtyInPackage><UnitOfMeasurePrice>0.0252</UnitOfMeasurePrice><AllowDiscount>1</AllowDiscount><ItemStatus>1</ItemStatus><ItemPrice>3.10</ItemPrice></item><item><PriceUpdateDate>2015-10-13 11:27:38</PriceUpdateDate><ItemCode>7290102396047</ItemCode><ItemType>1</ItemType><ItemName>מולר אננס  1.5% 150</ItemName><ManufacturerName>מולר</ManufacturerName><ManufactureCountry>ישראל</ManufactureCountry><ManufacturerItemDescription>יוגורט סימפלי אננס 150 1.</ManufacturerItemDescription><SoldByWeight/><Quantity>150.00</Quantity><UnitOfMeasure>גרם     </UnitOfMeasure><QtyInPackage>לא ידוע</QtyInPackage><UnitOfMeasurePrice>0.0360</UnitOfMeasurePrice><AllowDiscount>1</AllowDiscount><ItemStatus>1</ItemStatus><ItemPrice>5.40</ItemPrice></item><item><PriceUpdateDate>2015-10-22 08:33:00</PriceUpdateDate><ItemCode>7290102396061</ItemCode><ItemType>1</ItemType><ItemName>מאגדת שמינייה מולר ס</ItemName><ManufacturerName>מולר</ManufacturerName><ManufactureCountry>ישראל</ManufactureCountry><ManufacturerItemDescription>מאגדת שמינייה מולר ס</ManufacturerItemDescription><SoldByWeight/><Quantity>1200.00</Quantity><UnitOfMeasure>גרם     </UnitOfMeasure><QtyInPackage>לא ידוע</QtyInPackage><UnitOfMeasurePrice>0.0268</UnitOfMeasurePrice><AllowDiscount>1</AllowDiscount><ItemStatus>1</ItemStatus><ItemPrice>32.10</ItemPrice></item><item><PriceUpdateDate>2016-03-29 07:11:17</PriceUpdateDate><ItemCode>7290102396382</ItemCode><ItemType>1</ItemType><ItemName>צפתית עיזים מעודנת 9</ItemName><ManufacturerName>.N.Y.C</ManufacturerName><ManufactureCountry>ישראל</ManufactureCountry><ManufacturerItemDescription>צפתית עיזים מעודנת 9</ManufacturerItemDescription><SoldByWeight/><Quantity>200.00</Quantity><UnitOfMeasure>גרם     </UnitOfMeasure><QtyInPackage>לא ידוע</QtyInPackage><UnitOfMeasurePrice>0.1120</UnitOfMeasurePrice><AllowDiscount>1</AllowDiscount><ItemStatus>1</ItemStatus><ItemPrice>22.40</ItemPrice></item><item><PriceUpdateDate>2015-10-13 11:27:38</PriceUpdateDate><ItemCode>7290102396436</ItemCode><ItemType>1</ItemType><ItemName>מעדן מוו שוקולד 1.5%</ItemName><ManufacturerName>טרה</ManufacturerName><ManufactureCountry>ישראל</ManufactureCountry><ManufacturerItemDescription>מעדן מוו שוקולד 1.5%</ManufacturerItemDescription><SoldByWeight/><Quantity>125.00</Quantity><UnitOfMeasure>גרם     </UnitOfMeasure><QtyInPackage>לא ידוע</QtyInPackage><UnitOfMeasurePrice>0.0240</UnitOfMeasurePrice><AllowDiscount>1</AllowDiscount><ItemStatus>1</ItemStatus><ItemPrice>3.00</ItemPrice></item><item><PriceUpdateDate>2015-10-13 11:27:38</PriceUpdateDate><ItemCode>7290102396498</ItemCode><ItemType>1</ItemType><ItemName>מעדן מוו תות  1.5% 1</ItemName><ManufacturerName>טרה</ManufacturerName><ManufactureCountry>ישראל</ManufactureCountry><ManufacturerItemDescription>מעדן מוו תות  1.5% 1</ManufacturerItemDescription><SoldByWeight/><Quantity>125.00</Quantity><UnitOfMeasure>גרם     </UnitOfMeasure><QtyInPackage>לא ידוע</QtyInPackage><UnitOfMeasurePrice>0.0240</UnitOfMeasurePrice><AllowDiscount>1</AllowDiscount><ItemStatus>1</ItemStatus><ItemPrice>3.00</ItemPrice></item><item><PriceUpdateDate>2015-10-13 11:27:38</PriceUpdateDate><ItemCode>7290102396580</ItemCode><ItemType>1</ItemType><ItemName>מעדן מוו שוקולד ומוס</ItemName><ManufacturerName>מוו</ManufacturerName><ManufactureCountry>ישראל</ManufactureCountry><ManufacturerItemDescription>מעדן מוס שוקולד 123 גר</ManufacturerItemDescription><SoldByWeight/><Quantity>118.00</Quantity><UnitOfMeasure>גרם     </UnitOfMeasure><QtyInPackage>לא ידוע</QtyInPackage><UnitOfMeasurePrice>0.0263</UnitOfMeasurePrice><AllowDiscount>1</AllowDiscount><ItemStatus>1</ItemStatus><ItemPrice>3.10</ItemPrice></item><item><PriceUpdateDate>2015-11-02 17:20:58</PriceUpdateDate><ItemCode>7290102396672</ItemCode><ItemType>1</ItemType><ItemName>גבינה צהובה דקדק 9%</ItemName><ManufacturerName>ג.נ'עם</ManufacturerName><ManufactureCountry>ישראל</ManufactureCountry><ManufacturerItemDescription>גבינה צהובה200 9% גרם דק</ManufacturerItemDescription><SoldByWeight/><Quantity>200.00</Quantity><UnitOfMeasure>גרם     </UnitOfMeasure><QtyInPackage>לא ידוע</QtyInPackage><UnitOfMeasurePrice>0.1395</UnitOfMeasurePrice><AllowDiscount>1</AllowDiscount><ItemStatus>1</ItemStatus><ItemPrice>27.90</ItemPrice></item><item><PriceUpdateDate>2015-10-13 11:27:38</PriceUpdateDate><ItemCode>7290102396719</ItemCode><ItemType>1</ItemType><ItemName>מולר תות 0% 150 גרם</ItemName><ManufacturerName>מולר</ManufacturerName><ManufactureCountry>ישראל</ManufactureCountry><ManufacturerItemDescription>מולר סימפלי פרוט תות</ManufacturerItemDescription><SoldByWeight/><Quantity>150.00</Quantity><UnitOfMeasure>גרם     </UnitOfMeasure><QtyInPackage>לא ידוע</QtyInPackage><UnitOfMeasurePrice>0.0360</UnitOfMeasurePrice><AllowDiscount>1</AllowDiscount><ItemStatus>1</ItemStatus><ItemPrice>5.40</ItemPrice></item><item><PriceUpdateDate>2016-03-29 07:28:52</PriceUpdateDate><ItemCode>7290102396757</ItemCode><ItemType>1</ItemType><ItemName>מב שוקו 1 ליטר קרטון</ItemName><ManufacturerName>טרה</ManufacturerName><ManufactureCountry>ישראל</ManufactureCountry><ManufacturerItemDescription>שוקו 1 ליטר קרטון</ManufacturerItemDescription><SoldByWeight/><Quantity>1000.00</Quantity><UnitOfMeasure>ליטר    </UnitOfMeasure><QtyInPackage>לא ידוע</QtyInPackage><UnitOfMeasurePrice>0.0099</UnitOfMeasurePrice><AllowDiscount>1</AllowDiscount><ItemStatus>1</ItemStatus><ItemPrice>9.90</ItemPrice></item><item><PriceUpdateDate>2015-11-13 10:56:53</PriceUpdateDate><ItemCode>7290102396788</ItemCode><ItemType>1</ItemType><ItemName>שוקו 200 מ"ל שקית</ItemName><ManufacturerName>טרה</ManufacturerName><ManufactureCountry>ישראל</ManufactureCountry><ManufacturerItemDescription>שוקו בשקית 200 מל</ManufacturerItemDescription><SoldByWeight/><Quantity>200.00</Quantity><UnitOfMeasure>מ"ל</UnitOfMeasure><QtyInPackage>לא ידוע</QtyInPackage><UnitOfMeasurePrice>0.0130</UnitOfMeasurePrice><AllowDiscount>1</AllowDiscount><ItemStatus>1</ItemStatus><ItemPrice>2.60</ItemPrice></item><item><PriceUpdateDate>2015-02-16 12:07:19</PriceUpdateDate><ItemCode>7290102396795</ItemCode><ItemType>1</ItemType><ItemName>מאגדת שישייה שוקו מו</ItemName><ManufacturerName>טרה</ManufacturerName><ManufactureCountry>ישראל</ManufactureCountry><ManufacturerItemDescription>שישיית שוקו מאגדת</ManufacturerItemDescription><SoldByWeight/><Quantity>1200.00</Quantity><UnitOfMeasure>מ"ל</UnitOfMeasure><QtyInPackage>לא ידוע</QtyInPackage><UnitOfMeasurePrice>0.0124</UnitOfMeasurePrice><AllowDiscount>1</AllowDiscount><ItemStatus>1</ItemStatus><ItemPrice>14.90</ItemPrice></item><item><PriceUpdateDate>2016-02-11 11:10:55</PriceUpdateDate><ItemCode>7290102396948</ItemCode><ItemType>1</ItemType><ItemName>חלב טרה 3% בקרטון 1</ItemName><ManufacturerName>טרה</ManufacturerName><ManufactureCountry>ישראל</ManufactureCountry><ManufacturerItemDescription>חלב1 3% ל.קרטון מהדרין פי</ManufacturerItemDescription><SoldByWeight/><Quantity>1.00</Quantity><UnitOfMeasure>יח'</UnitOfMeasure><QtyInPackage>לא ידוע</QtyInPackage><UnitOfMeasurePrice>5.7500</UnitOfMeasurePrice><AllowDiscount>1</AllowDiscount><ItemStatus>1</ItemStatus><ItemPrice>5.75</ItemPrice></item><item><PriceUpdateDate>2015-10-22 08:33:01</PriceUpdateDate><ItemCode>7290102397150</ItemCode><ItemType>1</ItemType><ItemName>משקה יוגורט SIP אפרס</ItemName><ManufacturerName>טרה</ManufacturerName><ManufactureCountry>לא ידוע</ManufactureCountry><ManufacturerItemDescription>משקה יוגורט SIP אפרס</ManufacturerItemDescription><SoldByWeight/><Quantity>250.00</Quantity><UnitOfMeasure>מ"ל</UnitOfMeasure><QtyInPackage>לא ידוע</QtyInPackage><UnitOfMeasurePrice>0.0228</UnitOfMeasurePrice><AllowDiscount>1</AllowDiscount><ItemStatus>1</ItemStatus><ItemPrice>5.70</ItemPrice></item><item><PriceUpdateDate>2015-10-22 08:33:01</PriceUpdateDate><ItemCode>7290102397167</ItemCode><ItemType>1</ItemType><ItemName>משקה יוגורט תות בננה</ItemName><ManufacturerName>טרה</ManufacturerName><ManufactureCountry>לא ידוע</ManufactureCountry><ManufacturerItemDescription>משקה יוגורט תות בננה</ManufacturerItemDescription><SoldByWeight/><Quantity>250.00</Quantity><UnitOfMeasure>מ"ל</UnitOfMeasure><QtyInPackage>לא ידוע</QtyInPackage><UnitOfMeasurePrice>0.0228</UnitOfMeasurePrice><AllowDiscount>1</AllowDiscount><ItemStatus>1</ItemStatus><ItemPrice>5.70</ItemPrice></item><item><PriceUpdateDate>2015-11-02 17:20:58</PriceUpdateDate><ItemCode>7290102397204</ItemCode><ItemType>1</ItemType><ItemName>גבינה צהובה נעם דקדק</ItemName><ManufacturerName>ג.נ'עם</ManufacturerName><ManufactureCountry>ישראל</ManufactureCountry><ManufacturerItemDescription>גבינה צהובה דקדק 200 28%</ManufacturerItemDescription><SoldByWeight/><Quantity>200.00</Quantity><UnitOfMeasure>גרם     </UnitOfMeasure><QtyInPackage>לא ידוע</QtyInPackage><UnitOfMeasurePrice>0.0800</UnitOfMeasurePrice><AllowDiscount>1</AllowDiscount><ItemStatus>1</ItemStatus><ItemPrice>16.00</ItemPrice></item><item><PriceUpdateDate>2014-12-01 06:27:50</PriceUpdateDate><ItemCode>7290103128739</ItemCode><ItemType>1</ItemType><ItemName>בלונס מקלות אוזניים</ItemName><ManufacturerName>בלונס</ManufacturerName><ManufactureCountry>יוון</ManufactureCountry><ManufacturerItemDescription>צמרונים קופסא בייבי</ManufacturerItemDescription><SoldByWeight/><Quantity>0.00</Quantity><UnitOfMeasure>יח'</UnitOfMeasure><QtyInPackage>לא ידוע</QtyInPackage><UnitOfMeasurePrice>0.0000</UnitOfMeasurePrice><AllowDiscount>1</AllowDiscount><ItemStatus>1</ItemStatus><ItemPrice>7.30</ItemPrice></item><item><PriceUpdateDate>2015-11-02 17:20:58</PriceUpdateDate><ItemCode>7290103404758</ItemCode><ItemType>1</ItemType><ItemName>סלט כרוב אדום יום יו</ItemName><ManufacturerName>אחלה</ManufacturerName><ManufactureCountry>ישראל</ManufactureCountry><ManufacturerItemDescription>סלט כרוב 120 גרם</ManufacturerItemDescription><SoldByWeight/><Quantity>120.00</Quantity><UnitOfMeasure>גרם     </UnitOfMeasure><QtyInPackage>לא ידוע</QtyInPackage><UnitOfMeasurePrice>0.0508</UnitOfMeasurePrice><AllowDiscount>1</AllowDiscount><ItemStatus>1</ItemStatus><ItemPrice>6.10</ItemPrice></item><item><PriceUpdateDate>2016-03-29 07:11:17</PriceUpdateDate><ItemCode>7290103407209</ItemCode><ItemType>1</ItemType><ItemName>מארז חטיף תפוצ'יפס ק</ItemName><ManufacturerName>תפוציפס</ManufacturerName><ManufactureCountry>ישראל</ManufactureCountry><ManufacturerItemDescription>מארז חטיף תפוצ'יפס ק</ManufacturerItemDescription><SoldByWeight/><Quantity>180.00</Quantity><UnitOfMeasure>גרם     </UnitOfMeasure><QtyInPackage>לא ידוע</QtyInPackage><UnitOfMeasurePrice>0.0728</UnitOfMeasurePrice><AllowDiscount>1</AllowDiscount><ItemStatus>1</ItemStatus><ItemPrice>13.10</ItemPrice></item><item><PriceUpdateDate>2016-04-03 09:01:59</PriceUpdateDate><ItemCode>7290103408206</ItemCode><ItemType>1</ItemType><ItemName>עלי חסה בקופסא ירקות</ItemName><ManufacturerName>שטראוס</ManufacturerName><ManufactureCountry>ישראל</ManufactureCountry><ManufacturerItemDescription>עלי חסה שטופים בקופסא250</ManufacturerItemDescription><SoldByWeight/><Quantity>250.00</Quantity><UnitOfMeasure>גרם     </UnitOfMeasure><QtyInPackage>לא ידוע</QtyInPackage><UnitOfMeasurePrice>0.0476</UnitOfMeasurePrice><AllowDiscount>1</AllowDiscount><ItemStatus>1</ItemStatus><ItemPrice>11.90</ItemPrice></item><item><PriceUpdateDate>2016-03-08 09:16:40</PriceUpdateDate><ItemCode>7290103595395</ItemCode><ItemType>1</ItemType><ItemName>מב זוג מטליות מיקרופ</ItemName><ManufacturerName>כוכב הבית</ManufacturerName><ManufactureCountry>ישראל</ManufactureCountry><ManufacturerItemDescription>מב זוג מטליות מיקרופ</ManufacturerItemDescription><SoldByWeight/><Quantity>1.00</Quantity><UnitOfMeasure>יח'</UnitOfMeasure><QtyInPackage>לא ידוע</QtyInPackage><UnitOfMeasurePrice>6.9000</UnitOfMeasurePrice><AllowDiscount>1</AllowDiscount><ItemStatus>1</ItemStatus><ItemPrice>6.90</ItemPrice></item><item><PriceUpdateDate>2015-11-15 20:35:47</PriceUpdateDate><ItemCode>7290103596033</ItemCode><ItemType>1</ItemType><ItemName>תבנית R29 מרובע קטן</ItemName><ManufacturerName>כוכב הבית</ManufacturerName><ManufactureCountry>ישראל</ManufactureCountry><ManufacturerItemDescription>תבנית R29 מרובע קטן</ManufacturerItemDescription><SoldByWeight/><Quantity>1.00</Quantity><UnitOfMeasure>יח'</UnitOfMeasure><QtyInPackage>לא ידוע</QtyInPackage><UnitOfMeasurePrice>9.5000</UnitOfMeasurePrice><AllowDiscount>1</AllowDiscount><ItemStatus>1</ItemStatus><ItemPrice>9.50</ItemPrice></item><item><PriceUpdateDate>2016-01-04 21:31:13</PriceUpdateDate><ItemCode>7290103680701</ItemCode><ItemType>1</ItemType><ItemName>יין הר גוורצטרמינר ל</ItemName><ManufacturerName>יקב תבור</ManufacturerName><ManufactureCountry>ישראל</ManufactureCountry><ManufacturerItemDescription>יין גוורצטרמינר חצי יבש 7</ManufacturerItemDescription><SoldByWeight/><Quantity>750.00</Quantity><UnitOfMeasure>מ"ל</UnitOfMeasure><QtyInPackage>לא ידוע</QtyInPackage><UnitOfMeasurePrice>0.0639</UnitOfMeasurePrice><AllowDiscount>1</AllowDiscount><ItemStatus>1</ItemStatus><ItemPrice>47.90</ItemPrice></item><item><PriceUpdateDate>2016-03-01 07:13:47</PriceUpdateDate><ItemCode>7290103700089</ItemCode><ItemType>1</ItemType><ItemName>מגבות נייר שישייה המ</ItemName><ManufacturerName>"המותג"</ManufacturerName><ManufactureCountry>ישראל</ManufactureCountry><ManufacturerItemDescription>מגבות נייר שישייה המ</ManufacturerItemDescription><SoldByWeight/><Quantity>6.00</Quantity><UnitOfMeasure>יח</UnitOfMeasure><QtyInPackage>לא ידוע</QtyInPackage><UnitOfMeasurePrice>1.4833</UnitOfMeasurePrice><AllowDiscount>1</AllowDiscount><ItemStatus>1</ItemStatus><ItemPrice>8.90</ItemPrice></item><item><PriceUpdateDate>2015-12-09 06:51:19</PriceUpdateDate><ItemCode>7290104061417</ItemCode><ItemType>1</ItemType><ItemName>סלט חומוס אחלה עם טח</ItemName><ManufacturerName>אחלה</ManufacturerName><ManufactureCountry>ישראל</ManufactureCountry><ManufacturerItemDescription>סלט חומוס וטחינה 400 גרם</ManufacturerItemDescription><SoldByWeight/><Quantity>400.00</Quantity><UnitOfMeasure>גרם     </UnitOfMeasure><QtyInPackage>לא ידוע</QtyInPackage><UnitOfMeasurePrice>0.0298</UnitOfMeasurePrice><AllowDiscount>0</AllowDiscount><ItemStatus>1</ItemStatus><ItemPrice>11.90</ItemPrice></item><item><PriceUpdateDate>2015-12-09 06:51:19</PriceUpdateDate><ItemCode>7290104061431</ItemCode><ItemType>1</ItemType><ItemName>סלט חומוס אחלה עם צנ</ItemName><ManufacturerName>אחלה</ManufacturerName><ManufactureCountry>ישראל</ManufactureCountry><ManufacturerItemDescription>סלט חומוס וצנובר 400 גרם</ManufacturerItemDescription><SoldByWeight/><Quantity>400.00</Quantity><UnitOfMeasure>גרם     </UnitOfMeasure><QtyInPackage>לא ידוע</QtyInPackage><UnitOfMeasurePrice>0.0298</UnitOfMeasurePrice><AllowDiscount>0</AllowDiscount><ItemStatus>1</ItemStatus><ItemPrice>11.90</ItemPrice></item><item><PriceUpdateDate>2015-10-22 08:37:09</PriceUpdateDate><ItemCode>7290104062599</ItemCode><ItemType>1</ItemType><ItemName>מארז חיסכון שמנייה ג</ItemName><ManufacturerName>גמדים</ManufacturerName><ManufactureCountry>ישראל</ManufactureCountry><ManufacturerItemDescription>מארז חיסכון שמנייה ג</ManufacturerItemDescription><SoldByWeight/><Quantity>800.00</Quantity><UnitOfMeasure>גרם     </UnitOfMeasure><QtyInPackage>לא ידוע</QtyInPackage><UnitOfMeasurePrice>0.0241</UnitOfMeasurePrice><AllowDiscount>1</AllowDiscount><ItemStatus>1</ItemStatus><ItemPrice>19.30</ItemPrice></item><item><PriceUpdateDate>2015-10-14 10:33:34</PriceUpdateDate><ItemCode>7290104064111</ItemCode><ItemType>1</ItemType><ItemName>מאגדת אנרג'י מריר וא</ItemName><ManufacturerName>אנרג'י</ManufacturerName><ManufactureCountry>ישראל</ManufactureCountry><ManufacturerItemDescription>חטיף דגנים שוקולד מריר</ManufacturerItemDescription><SoldByWeight/><Quantity>156.00</Quantity><UnitOfMeasure>גרם     </UnitOfMeasure><QtyInPackage>לא ידוע</QtyInPackage><UnitOfMeasurePrice>0.1186</UnitOfMeasurePrice><AllowDiscount>1</AllowDiscount><ItemStatus>1</ItemStatus><ItemPrice>18.50</ItemPrice></item><item><PriceUpdateDate>2015-10-13 11:27:38</PriceUpdateDate><ItemCode>7290104066016</ItemCode><ItemType>1</ItemType><ItemName>מילקי טופ עדשים 134</ItemName><ManufacturerName>מילקי</ManufacturerName><ManufactureCountry>ישראל</ManufactureCountry><ManufacturerItemDescription>מילקי טופ עדשים 170 מל</ManufacturerItemDescription><SoldByWeight/><Quantity>134.00</Quantity><UnitOfMeasure>גרם     </UnitOfMeasure><QtyInPackage>לא ידוע</QtyInPackage><UnitOfMeasurePrice>0.0351</UnitOfMeasurePrice><AllowDiscount>1</AllowDiscount><ItemStatus>1</ItemStatus><ItemPrice>4.70</ItemPrice></item><item><PriceUpdateDate>2015-11-15 20:35:47</PriceUpdateDate><ItemCode>7290104066566</ItemCode><ItemType>1</ItemType><ItemName>טחינה אחלה 500 גרם</ItemName><ManufacturerName>אחלה</ManufacturerName><ManufactureCountry>ישראל</ManufactureCountry><ManufacturerItemDescription>טחינה משומשום מלא 500 גרם</ManufacturerItemDescription><SoldByWeight/><Quantity>500.00</Quantity><UnitOfMeasure>גרם     </UnitOfMeasure><QtyInPackage>לא ידוע</QtyInPackage><UnitOfMeasurePrice>0.0344</UnitOfMeasurePrice><AllowDiscount>1</AllowDiscount><ItemStatus>1</ItemStatus><ItemPrice>17.20</ItemPrice></item><item><PriceUpdateDate>2016-01-14 06:59:42</PriceUpdateDate><ItemCode>7290104068539</ItemCode><ItemType>1</ItemType><ItemName>מסטיק מאסט מלון ואבט</ItemName><ManufacturerName>מאסט</ManufacturerName><ManufactureCountry>ישראל</ManufactureCountry><ManufacturerItemDescription>מסטיק מאסט מלון ואבטיח</ManufacturerItemDescription><SoldByWeight/><Quantity>28.00</Quantity><UnitOfMeasure>גרם     </UnitOfMeasure><QtyInPackage>לא ידוע</QtyInPackage><UnitOfMeasurePrice>0.1607</UnitOfMeasurePrice><AllowDiscount>1</AllowDiscount><ItemStatus>1</ItemStatus><ItemPrice>4.50</ItemPrice></item><item><PriceUpdateDate>2016-01-14 06:59:42</PriceUpdateDate><ItemCode>7290104068546</ItemCode><ItemType>1</ItemType><ItemName>מסטיק מאסט קולה 28 ג</ItemName><ManufacturerName>מאסט</ManufacturerName><ManufactureCountry>ישראל</ManufactureCountry><ManufacturerItemDescription>מסטיק מאסט בטעם קולה קרח</ManufacturerItemDescription><SoldByWeight/><Quantity>28.00</Quantity><UnitOfMeasure>גרם     </UnitOfMeasure><QtyInPackage>לא ידוע</QtyInPackage><UnitOfMeasurePrice>0.1607</UnitOfMeasurePrice><AllowDiscount>1</AllowDiscount><ItemStatus>1</ItemStatus><ItemPrice>4.50</ItemPrice></item><item><PriceUpdateDate>2015-11-02 17:20:59</PriceUpdateDate><ItemCode>7290104068676</ItemCode><ItemType>1</ItemType><ItemName>חטיף תפוציפס קידס 45</ItemName><ManufacturerName>תפוציפס</ManufacturerName><ManufactureCountry>ישראל</ManufactureCountry><ManufacturerItemDescription>חטיף תפוציפס קידס 45</ManufacturerItemDescription><SoldByWeight/><Quantity>45.00</Quantity><UnitOfMeasure>גרם     </UnitOfMeasure><QtyInPackage>לא ידוע</QtyInPackage><UnitOfMeasurePrice>0.0733</UnitOfMeasurePrice><AllowDiscount>1</AllowDiscount><ItemStatus>1</ItemStatus><ItemPrice>3.30</ItemPrice></item><item><PriceUpdateDate>2015-11-15 20:35:47</PriceUpdateDate><ItemCode>7290104502903</ItemCode><ItemType>1</ItemType><ItemName>ביסקוויט ללא גלוטן 2</ItemName><ManufacturerName>לא ידוע</ManufacturerName><ManufactureCountry>ישראל</ManufactureCountry><ManufacturerItemDescription>ביסקוויט ללא גלוטן 200 גר</ManufacturerItemDescription><SoldByWeight/><Quantity>200.00</Quantity><UnitOfMeasure>גרם     </UnitOfMeasure><QtyInPackage>לא ידוע</QtyInPackage><UnitOfMeasurePrice>0.0610</UnitOfMeasurePrice><AllowDiscount>1</AllowDiscount><ItemStatus>1</ItemStatus><ItemPrice>12.20</ItemPrice></item><item><PriceUpdateDate>2016-05-01 10:30:03</PriceUpdateDate><ItemCode>7290104504228</ItemCode><ItemType>1</ItemType><ItemName>מב מארז חטיף דובונים</ItemName><ManufacturerName>אסם</ManufacturerName><ManufactureCountry>ישראל</ManufactureCountry><ManufacturerItemDescription>מב מארז חטיף דובונים</ManufacturerItemDescription><SoldByWeight/><Quantity>100.00</Quantity><UnitOfMeasure>גרם     </UnitOfMeasure><QtyInPackage>לא ידוע</QtyInPackage><UnitOfMeasurePrice>0.1190</UnitOfMeasurePrice><AllowDiscount>1</AllowDiscount><ItemStatus>1</ItemStatus><ItemPrice>11.90</ItemPrice></item><item><PriceUpdateDate>2016-03-29 07:11:17</PriceUpdateDate><ItemCode>7290104508882</ItemCode><ItemType>1</ItemType><ItemName>סלט חציל בלאדי במיונ</ItemName><ManufacturerName>צבר</ManufacturerName><ManufactureCountry>ישראל</ManufactureCountry><ManufacturerItemDescription>סלט חצילים בלאדי במיונז 4</ManufacturerItemDescription><SoldByWeight/><Quantity>400.00</Quantity><UnitOfMeasure>גרם     </UnitOfMeasure><QtyInPackage>לא ידוע</QtyInPackage><UnitOfMeasurePrice>0.0413</UnitOfMeasurePrice><AllowDiscount>1</AllowDiscount><ItemStatus>1</ItemStatus><ItemPrice>16.50</ItemPrice></item><item><PriceUpdateDate>2015-11-15 20:35:48</PriceUpdateDate><ItemCode>7290104508943</ItemCode><ItemType>1</ItemType><ItemName>במבה קלאסי 200 גרם</ItemName><ManufacturerName>במבה</ManufacturerName><ManufactureCountry>ישראל</ManufactureCountry><ManufacturerItemDescription>במבה קלאסי 200 גרם</ManufacturerItemDescription><SoldByWeight/><Quantity>200.00</Quantity><UnitOfMeasure>גרם     </UnitOfMeasure><QtyInPackage>לא ידוע</QtyInPackage><UnitOfMeasurePrice>0.0565</UnitOfMeasurePrice><AllowDiscount>1</AllowDiscount><ItemStatus>1</ItemStatus><ItemPrice>11.30</ItemPrice></item><item><PriceUpdateDate>2016-03-16 14:00:33</PriceUpdateDate><ItemCode>7290104509568</ItemCode><ItemType>1</ItemType><ItemName>במבה ללא גלוטן 80 גר</ItemName><ManufacturerName>במבה</ManufacturerName><ManufactureCountry>ישראל</ManufactureCountry><ManufacturerItemDescription>במבה קלאסי ללא גלוטן 80 ג</ManufacturerItemDescription><SoldByWeight/><Quantity>80.00</Quantity><UnitOfMeasure>גרם     </UnitOfMeasure><QtyInPackage>לא ידוע</QtyInPackage><UnitOfMeasurePrice>0.0613</UnitOfMeasurePrice><AllowDiscount>1</AllowDiscount><ItemStatus>1</ItemStatus><ItemPrice>4.90</ItemPrice></item><item><PriceUpdateDate>2016-02-21 07:01:45</PriceUpdateDate><ItemCode>7290104720499</ItemCode><ItemType>1</ItemType><ItemName>מארז שמינייה דני וני</ItemName><ManufacturerName>דני</ManufacturerName><ManufactureCountry>ישראל</ManufactureCountry><ManufacturerItemDescription>מארז שמינייה דני וני</ManufacturerItemDescription><SoldByWeight/><Quantity>1000.00</Quantity><UnitOfMeasure>גרם     </UnitOfMeasure><QtyInPackage>לא ידוע</QtyInPackage><UnitOfMeasurePrice>0.0169</UnitOfMeasurePrice><AllowDiscount>1</AllowDiscount><ItemStatus>1</ItemStatus><ItemPrice>16.90</ItemPrice></item><item><PriceUpdateDate>2015-11-15 20:35:48</PriceUpdateDate><ItemCode>7290104721533</ItemCode><ItemType>1</ItemType><ItemName>רצועות פלפלים קלויים</ItemName><ManufacturerName>אחלה</ManufacturerName><ManufactureCountry>ישראל</ManufactureCountry><ManufacturerItemDescription>רצועות פלפלים קלויים 400</ManufacturerItemDescription><SoldByWeight/><Quantity>400.00</Quantity><UnitOfMeasure>גרם     </UnitOfMeasure><QtyInPackage>לא ידוע</QtyInPackage><UnitOfMeasurePrice>0.0442</UnitOfMeasurePrice><AllowDiscount>1</AllowDiscount><ItemStatus>1</ItemStatus><ItemPrice>17.70</ItemPrice></item><item><PriceUpdateDate>2016-05-03 07:12:07</PriceUpdateDate><ItemCode>7290104721762</ItemCode><ItemType>1</ItemType><ItemName>מארז קפה טורקי עלית</ItemName><ManufacturerName>טורקי עלית</ManufacturerName><ManufactureCountry>ישראל</ManufactureCountry><ManufacturerItemDescription>מארז קפה טורקי עלית</ManufacturerItemDescription><SoldByWeight/><Quantity>255.00</Quantity><UnitOfMeasure>גרם     </UnitOfMeasure><QtyInPackage>לא ידוע</QtyInPackage><UnitOfMeasurePrice>0.0820</UnitOfMeasurePrice><AllowDiscount>1</AllowDiscount><ItemStatus>1</ItemStatus><ItemPrice>20.90</ItemPrice></item><item><PriceUpdateDate>2016-03-01 06:45:19</PriceUpdateDate><ItemCode>7290104722530</ItemCode><ItemType>1</ItemType><ItemName>תפוצ'יפס שמנת בצל 20</ItemName><ManufacturerName>תפוציפס</ManufacturerName><ManufactureCountry>ישראל</ManufactureCountry><ManufacturerItemDescription>תפוציפס שמנת בצל 200 גרם</ManufacturerItemDescription><SoldByWeight/><Quantity>200.00</Quantity><UnitOfMeasure>גרם     </UnitOfMeasure><QtyInPackage>לא ידוע</QtyInPackage><UnitOfMeasurePrice>0.0610</UnitOfMeasurePrice><AllowDiscount>1</AllowDiscount><ItemStatus>1</ItemStatus><ItemPrice>12.20</ItemPrice></item><item><PriceUpdateDate>2016-03-01 06:45:19</PriceUpdateDate><ItemCode>7290104724190</ItemCode><ItemType>1</ItemType><ItemName>סימפוניה 3% פיקנטו 2</ItemName><ManufacturerName>סימפוניה שטראוס</ManufacturerName><ManufactureCountry>ישראל</ManufactureCountry><ManufacturerItemDescription>סימפוניה פימנטה פיקנטו</ManufacturerItemDescription><SoldByWeight/><Quantity>200.00</Quantity><UnitOfMeasure>גרם     </UnitOfMeasure><QtyInPackage>לא ידוע</QtyInPackage><UnitOfMeasurePrice>0.0595</UnitOfMeasurePrice><AllowDiscount>1</AllowDiscount><ItemStatus>1</ItemStatus><ItemPrice>11.90</ItemPrice></item><item><PriceUpdateDate>2015-10-22 08:37:09</PriceUpdateDate><ItemCode>7290104725845</ItemCode><ItemType>1</ItemType><ItemName>מארז 6 דנכול בטעם מע</ItemName><ManufacturerName>דנונה</ManufacturerName><ManufactureCountry>ישראל</ManufactureCountry><ManufacturerItemDescription>מארז דנכול בטעם מעודן 6 י</ManufacturerItemDescription><SoldByWeight/><Quantity>1.00</Quantity><UnitOfMeasure>יח'</UnitOfMeasure><QtyInPackage>לא ידוע</QtyInPackage><UnitOfMeasurePrice>24.7000</UnitOfMeasurePrice><AllowDiscount>1</AllowDiscount><ItemStatus>1</ItemStatus><ItemPrice>24.70</ItemPrice></item><item><PriceUpdateDate>2015-10-22 08:37:09</PriceUpdateDate><ItemCode>7290104726224</ItemCode><ItemType>1</ItemType><ItemName>ג'לי שטראוס בטעם פטל</ItemName><ManufacturerName>לימבו</ManufacturerName><ManufactureCountry>ישראל</ManufactureCountry><ManufacturerItemDescription>ג'לי שטראוס בטעם פטל</ManufacturerItemDescription><SoldByWeight/><Quantity>125.00</Quantity><UnitOfMeasure>גרם     </UnitOfMeasure><QtyInPackage>לא ידוע</QtyInPackage><UnitOfMeasurePrice>0.0176</UnitOfMeasurePrice><AllowDiscount>1</AllowDiscount><ItemStatus>1</ItemStatus><ItemPrice>2.20</ItemPrice></item><item><PriceUpdateDate>2016-05-01 12:09:42</PriceUpdateDate><ItemCode>7290104726262</ItemCode><ItemType>1</ItemType><ItemName>מארז דני שוקולד לשתי</ItemName><ManufacturerName>דני</ManufacturerName><ManufactureCountry>ישראל</ManufactureCountry><ManufacturerItemDescription>מארז דני לשתייה 500 1/4 ג</ManufacturerItemDescription><SoldByWeight/><Quantity>500.00</Quantity><UnitOfMeasure>מ"ל</UnitOfMeasure><QtyInPackage>לא ידוע</QtyInPackage><UnitOfMeasurePrice>0.0230</UnitOfMeasurePrice><AllowDiscount>1</AllowDiscount><ItemStatus>1</ItemStatus><ItemPrice>11.50</ItemPrice></item><item><PriceUpdateDate>2016-03-16 14:00:33</PriceUpdateDate><ItemCode>7290104726712</ItemCode><ItemType>1</ItemType><ItemName>מארז מילקי שמינייה</ItemName><ManufacturerName>מילקי</ManufacturerName><ManufactureCountry>ישראל</ManufactureCountry><ManufacturerItemDescription>מארז מילקי שמינייה</ManufacturerItemDescription><SoldByWeight/><Quantity>1064.00</Quantity><UnitOfMeasure>גרם     </UnitOfMeasure><QtyInPackage>לא ידוע</QtyInPackage><UnitOfMeasurePrice>0.0196</UnitOfMeasurePrice><AllowDiscount>1</AllowDiscount><ItemStatus>1</ItemStatus><ItemPrice>20.90</ItemPrice></item><item><PriceUpdateDate>2016-02-11 11:10:55</PriceUpdateDate><ItemCode>7290104728310</ItemCode><ItemType>1</ItemType><ItemName>שמנת להקצפה 38% 250</ItemName><ManufacturerName>יטבתה</ManufacturerName><ManufactureCountry>ישראל</ManufactureCountry><ManufacturerItemDescription>שמנת עמידה לקצפת 250 38%</ManufacturerItemDescription><SoldByWeight/><Quantity>250.00</Quantity><UnitOfMeasure>מ"ל</UnitOfMeasure><QtyInPackage>לא ידוע</QtyInPackage><UnitOfMeasurePrice>0.0238</UnitOfMeasurePrice><AllowDiscount>1</AllowDiscount><ItemStatus>1</ItemStatus><ItemPrice>5.95</ItemPrice></item><item><PriceUpdateDate>2016-03-24 07:05:53</PriceUpdateDate><ItemCode>7290104728747</ItemCode><ItemType>1</ItemType><ItemName>החומוסיה של אבי חלק</ItemName><ManufacturerName>אחלה</ManufacturerName><ManufactureCountry>ישראל</ManufactureCountry><ManufacturerItemDescription>החומוסייה של אבי חלק 400</ManufacturerItemDescription><SoldByWeight/><Quantity>400.00</Quantity><UnitOfMeasure>גרם     </UnitOfMeasure><QtyInPackage>לא ידוע</QtyInPackage><UnitOfMeasurePrice>0.0398</UnitOfMeasurePrice><AllowDiscount>1</AllowDiscount><ItemStatus>1</ItemStatus><ItemPrice>15.90</ItemPrice></item><item><PriceUpdateDate>2016-01-28 06:49:30</PriceUpdateDate><ItemCode>7290104960246</ItemCode><ItemType>1</ItemType><ItemName>תחליב רחצה נקה-7ארומ</ItemName><ManufacturerName>נקה 7</ManufacturerName><ManufactureCountry>ישראל</ManufactureCountry><ManufacturerItemDescription>תחליב רחצה נקה-7ארומ</ManufacturerItemDescription><SoldByWeight/><Quantity>750.00</Quantity><UnitOfMeasure>מ"ל</UnitOfMeasure><QtyInPackage>לא ידוע</QtyInPackage><UnitOfMeasurePrice>0.0195</UnitOfMeasurePrice><AllowDiscount>1</AllowDiscount><ItemStatus>1</ItemStatus><ItemPrice>14.60</ItemPrice></item><item><PriceUpdateDate>2016-05-01 12:09:44</PriceUpdateDate><ItemCode>7290105360755</ItemCode><ItemType>1</ItemType><ItemName>שמן זית יד מרדכי כתי</ItemName><ManufacturerName>יד מרדכי</ManufacturerName><ManufactureCountry>ישראל</ManufactureCountry><ManufacturerItemDescription>שמן זית 3 חזק 750 מל</ManufacturerItemDescription><SoldByWeight/><Quantity>750.00</Quantity><UnitOfMeasure>מ"ל</UnitOfMeasure><QtyInPackage>לא ידוע</QtyInPackage><UnitOfMeasurePrice>0.0492</UnitOfMeasurePrice><AllowDiscount>1</AllowDiscount><ItemStatus>1</ItemStatus><ItemPrice>36.90</ItemPrice></item><item><PriceUpdateDate>2016-05-01 12:09:44</PriceUpdateDate><ItemCode>7290105360762</ItemCode><ItemType>1</ItemType><ItemName>שמן זית יד מרדכי כתי</ItemName><ManufacturerName>יד מרדכי</ManufacturerName><ManufactureCountry>ישראל</ManufactureCountry><ManufacturerItemDescription>שמן זית 1 עדין 750 מל</ManufacturerItemDescription><SoldByWeight/><Quantity>750.00</Quantity><UnitOfMeasure>מ"ל</UnitOfMeasure><QtyInPackage>לא ידוע</QtyInPackage><UnitOfMeasurePrice>0.0492</UnitOfMeasurePrice><AllowDiscount>1</AllowDiscount><ItemStatus>1</ItemStatus><ItemPrice>36.90</ItemPrice></item><item><PriceUpdateDate>2016-03-16 14:01:06</PriceUpdateDate><ItemCode>7290105360878</ItemCode><ItemType>1</ItemType><ItemName>מארז תפוצ'יפס 4*50 ג</ItemName><ManufacturerName>תפוציפס</ManufacturerName><ManufactureCountry>ישראל</ManufactureCountry><ManufacturerItemDescription>מארז תפוצ'יפס 4*50 ג</ManufacturerItemDescription><SoldByWeight/><Quantity>200.00</Quantity><UnitOfMeasure>גרם     </UnitOfMeasure><QtyInPackage>לא ידוע</QtyInPackage><UnitOfMeasurePrice>0.0545</UnitOfMeasurePrice><AllowDiscount>1</AllowDiscount><ItemStatus>1</ItemStatus><ItemPrice>10.90</ItemPrice></item><item><PriceUpdateDate>2015-11-13 10:56:53</PriceUpdateDate><ItemCode>7290105362339</ItemCode><ItemType>1</ItemType><ItemName>שמנת לבישול 15% יטבת</ItemName><ManufacturerName>יטבתה</ManufacturerName><ManufactureCountry>ישראל</ManufactureCountry><ManufacturerItemDescription>שמנת לבישול 15% מהדרין 25</ManufacturerItemDescription><SoldByWeight/><Quantity>250.00</Quantity><UnitOfMeasure>מ"ל</UnitOfMeasure><QtyInPackage>לא ידוע</QtyInPackage><UnitOfMeasurePrice>0.0364</UnitOfMeasurePrice><AllowDiscount>1</AllowDiscount><ItemStatus>1</ItemStatus><ItemPrice>9.10</ItemPrice></item><item><PriceUpdateDate>2015-11-02 17:21:00</PriceUpdateDate><ItemCode>7290105366047</ItemCode><ItemType>1</ItemType><ItemName>טחינה לבנה אחלה 400</ItemName><ManufacturerName>אחלה</ManufacturerName><ManufactureCountry>ישראל</ManufactureCountry><ManufacturerItemDescription>טחינה לבנה אחלה 400</ManufacturerItemDescription><SoldByWeight/><Quantity>400.00</Quantity><UnitOfMeasure>גרם     </UnitOfMeasure><QtyInPackage>לא ידוע</QtyInPackage><UnitOfMeasurePrice>0.0422</UnitOfMeasurePrice><AllowDiscount>1</AllowDiscount><ItemStatus>1</ItemStatus><ItemPrice>16.90</ItemPrice></item><item><PriceUpdateDate>2015-11-02 17:21:00</PriceUpdateDate><ItemCode>7290105366054</ItemCode><ItemType>1</ItemType><ItemName>טחינה עם פטרוזיליה א</ItemName><ManufacturerName>אחלה</ManufacturerName><ManufactureCountry>ישראל</ManufactureCountry><ManufacturerItemDescription>טחינה עם פטרוזיליה א</ManufacturerItemDescription><SoldByWeight/><Quantity>400.00</Quantity><UnitOfMeasure>גרם     </UnitOfMeasure><QtyInPackage>לא ידוע</QtyInPackage><UnitOfMeasurePrice>0.0422</UnitOfMeasurePrice><AllowDiscount>1</AllowDiscount><ItemStatus>1</ItemStatus><ItemPrice>16.90</ItemPrice></item><item><PriceUpdateDate>2016-03-01 06:45:20</PriceUpdateDate><ItemCode>7290105366993</ItemCode><ItemType>1</ItemType><ItemName>סימפוניה 5% פלפל שיפ</ItemName><ManufacturerName>סימפוניה שטראוס</ManufacturerName><ManufactureCountry>ישראל</ManufactureCountry><ManufacturerItemDescription>סימפוניה 5% פלפל שיפ</ManufacturerItemDescription><SoldByWeight/><Quantity>200.00</Quantity><UnitOfMeasure>גרם     </UnitOfMeasure><QtyInPackage>לא ידוע</QtyInPackage><UnitOfMeasurePrice>0.0595</UnitOfMeasurePrice><AllowDiscount>0</AllowDiscount><ItemStatus>1</ItemStatus><ItemPrice>11.90</ItemPrice></item><item><PriceUpdateDate>2016-05-01 12:09:45</PriceUpdateDate><ItemCode>7290105367020</ItemCode><ItemType>1</ItemType><ItemName>גבינת סימפוניה טבעי</ItemName><ManufacturerName>סימפוניה שטראוס</ManufacturerName><ManufactureCountry>ישראל</ManufactureCountry><ManufacturerItemDescription>גבינת שמנת טבעי</ManufacturerItemDescription><SoldByWeight/><Quantity>200.00</Quantity><UnitOfMeasure>גרם     </UnitOfMeasure><QtyInPackage>לא ידוע</QtyInPackage><UnitOfMeasurePrice>0.0675</UnitOfMeasurePrice><AllowDiscount>0</AllowDiscount><ItemStatus>1</ItemStatus><ItemPrice>13.50</ItemPrice></item><item><PriceUpdateDate>2015-12-28 12:32:12</PriceUpdateDate><ItemCode>7290105367617</ItemCode><ItemType>1</ItemType><ItemName>דנונה תות פרי בתחתית</ItemName><ManufacturerName>דנונה</ManufacturerName><ManufactureCountry>ישראל</ManufactureCountry><ManufacturerItemDescription>דנונה פרי בתחתית דיאט תות</ManufacturerItemDescription><SoldByWeight/><Quantity>150.00</Quantity><UnitOfMeasure>גרם     </UnitOfMeasure><QtyInPackage>לא ידוע</QtyInPackage><UnitOfMeasurePrice>0.0333</UnitOfMeasurePrice><AllowDiscount>1</AllowDiscount><ItemStatus>1</ItemStatus><ItemPrice>5.00</ItemPrice></item><item><PriceUpdateDate>2015-11-01 10:35:13</PriceUpdateDate><ItemCode>7290105368355</ItemCode><ItemType>1</ItemType><ItemName>מילקי שוקולד עשיר 13</ItemName><ManufacturerName>מילקי</ManufacturerName><ManufactureCountry>ישראל</ManufactureCountry><ManufacturerItemDescription>מילקיקל שוקולד 170-3% מל</ManufacturerItemDescription><SoldByWeight/><Quantity>133.00</Quantity><UnitOfMeasure>גרם     </UnitOfMeasure><QtyInPackage>לא ידוע</QtyInPackage><UnitOfMeasurePrice>0.0316</UnitOfMeasurePrice><AllowDiscount>1</AllowDiscount><ItemStatus>1</ItemStatus><ItemPrice>4.20</ItemPrice></item><item><PriceUpdateDate>2015-11-13 10:56:54</PriceUpdateDate><ItemCode>7290105368904</ItemCode><ItemType>1</ItemType><ItemName>שמנת מתוקה 32% יטבתה</ItemName><ManufacturerName>יטבתה</ManufacturerName><ManufactureCountry>ישראל</ManufactureCountry><ManufacturerItemDescription>שמנת מתוקה 32% יטבתה</ManufacturerItemDescription><SoldByWeight/><Quantity>250.00</Quantity><UnitOfMeasure>מ"ל</UnitOfMeasure><QtyInPackage>לא ידוע</QtyInPackage><UnitOfMeasurePrice>0.0324</UnitOfMeasurePrice><AllowDiscount>1</AllowDiscount><ItemStatus>1</ItemStatus><ItemPrice>8.10</ItemPrice></item><item><PriceUpdateDate>2015-10-22 08:37:09</PriceUpdateDate><ItemCode>7290105368928</ItemCode><ItemType>1</ItemType><ItemName>שמנת 9% 200 גרם מהדר</ItemName><ManufacturerName>יטבתה</ManufacturerName><ManufactureCountry>ישראל</ManufactureCountry><ManufacturerItemDescription>שמנת 9% 200 גרם מהדר</ManufacturerItemDescription><SoldByWeight/><Quantity>200.00</Quantity><UnitOfMeasure>גרם     </UnitOfMeasure><QtyInPackage>לא ידוע</QtyInPackage><UnitOfMeasurePrice>0.0165</UnitOfMeasurePrice><AllowDiscount>1</AllowDiscount><ItemStatus>1</ItemStatus><ItemPrice>3.30</ItemPrice></item><item><PriceUpdateDate>2015-11-13 10:56:54</PriceUpdateDate><ItemCode>7290105368959</ItemCode><ItemType>1</ItemType><ItemName>משקה פונץ' בננה עם פ</ItemName><ManufacturerName>יטבתה</ManufacturerName><ManufactureCountry>ישראל</ManufactureCountry><ManufacturerItemDescription>משקה פונץ בננה פקק ספורטא</ManufacturerItemDescription><SoldByWeight/><Quantity>250.00</Quantity><UnitOfMeasure>מ"ל</UnitOfMeasure><QtyInPackage>לא ידוע</QtyInPackage><UnitOfMeasurePrice>0.0216</UnitOfMeasurePrice><AllowDiscount>1</AllowDiscount><ItemStatus>1</ItemStatus><ItemPrice>5.40</ItemPrice></item><item><PriceUpdateDate>2016-05-01 12:09:46</PriceUpdateDate><ItemCode>7290105369147</ItemCode><ItemType>1</ItemType><ItemName>שוקולד ספלנדיד פירות</ItemName><ManufacturerName>ספלנדיד</ManufacturerName><ManufactureCountry>ישראל</ManufactureCountry><ManufacturerItemDescription>שוקולד ספלנדיד פרות יער 1</ManufacturerItemDescription><SoldByWeight/><Quantity>100.00</Quantity><UnitOfMeasure>גרם     </UnitOfMeasure><QtyInPackage>לא ידוע</QtyInPackage><UnitOfMeasurePrice>0.1190</UnitOfMeasurePrice><AllowDiscount>1</AllowDiscount><ItemStatus>1</ItemStatus><ItemPrice>11.90</ItemPrice></item><item><PriceUpdateDate>2015-11-15 20:35:49</PriceUpdateDate><ItemCode>7290105691224</ItemCode><ItemType>1</ItemType><ItemName>חטיפי טורטיה שום ובצ</ItemName><ManufacturerName>אסם</ManufacturerName><ManufactureCountry>ישראל</ManufactureCountry><ManufacturerItemDescription>חטיפי טורטיה שום ובצ</ManufacturerItemDescription><SoldByWeight/><Quantity>60.00</Quantity><UnitOfMeasure>גרם     </UnitOfMeasure><QtyInPackage>לא ידוע</QtyInPackage><UnitOfMeasurePrice>0.1550</UnitOfMeasurePrice><AllowDiscount>1</AllowDiscount><ItemStatus>1</ItemStatus><ItemPrice>9.30</ItemPrice></item><item><PriceUpdateDate>2016-05-01 12:09:49</PriceUpdateDate><ItemCode>7290105691965</ItemCode><ItemType>1</ItemType><ItemName>רוטב סויה כשל"פ 290</ItemName><ManufacturerName>לא ממותג</ManufacturerName><ManufactureCountry>ישראל</ManufactureCountry><ManufacturerItemDescription>רוטב סויה 290 מל</ManufacturerItemDescription><SoldByWeight/><Quantity>290.00</Quantity><UnitOfMeasure>גרם     </UnitOfMeasure><QtyInPackage>לא ידוע</QtyInPackage><UnitOfMeasurePrice>0.0490</UnitOfMeasurePrice><AllowDiscount>1</AllowDiscount><ItemStatus>1</ItemStatus><ItemPrice>14.20</ItemPrice></item><item><PriceUpdateDate>2016-05-01 12:09:50</PriceUpdateDate><ItemCode>7290105693341</ItemCode><ItemType>1</ItemType><ItemName>מארז חטיף במבה 10*25</ItemName><ManufacturerName>במבה</ManufacturerName><ManufactureCountry>ישראל</ManufactureCountry><ManufacturerItemDescription>מארז חטיף במבה 10*25</ManufacturerItemDescription><SoldByWeight/><Quantity>250.00</Quantity><UnitOfMeasure>גרם     </UnitOfMeasure><QtyInPackage>לא ידוע</QtyInPackage><UnitOfMeasurePrice>0.0716</UnitOfMeasurePrice><AllowDiscount>1</AllowDiscount><ItemStatus>1</ItemStatus><ItemPrice>17.90</ItemPrice></item><item><PriceUpdateDate>2016-05-01 12:09:51</PriceUpdateDate><ItemCode>7290105695093</ItemCode><ItemType>1</ItemType><ItemName>חזרת צבר רפי 150 גרם</ItemName><ManufacturerName>צבר</ManufacturerName><ManufactureCountry>ישראל</ManufactureCountry><ManufacturerItemDescription>חזרת צבר רפי 150 גרם</ManufacturerItemDescription><SoldByWeight/><Quantity>150.00</Quantity><UnitOfMeasure>גרם     </UnitOfMeasure><QtyInPackage>לא ידוע</QtyInPackage><UnitOfMeasurePrice>0.0727</UnitOfMeasurePrice><AllowDiscount>1</AllowDiscount><ItemStatus>1</ItemStatus><ItemPrice>10.90</ItemPrice></item><item><PriceUpdateDate>2016-05-01 12:09:53</PriceUpdateDate><ItemCode>7290105963864</ItemCode><ItemType>1</ItemType><ItemName>חזרת 220 גרם</ItemName><ManufacturerName>אחלה</ManufacturerName><ManufactureCountry>ישראל</ManufactureCountry><ManufacturerItemDescription>חזרת 220 גרם</ManufacturerItemDescription><SoldByWeight/><Quantity>220.00</Quantity><UnitOfMeasure>גרם     </UnitOfMeasure><QtyInPackage>לא ידוע</QtyInPackage><UnitOfMeasurePrice>0.0632</UnitOfMeasurePrice><AllowDiscount>1</AllowDiscount><ItemStatus>1</ItemStatus><ItemPrice>13.90</ItemPrice></item><item><PriceUpdateDate>2015-12-15 06:35:42</PriceUpdateDate><ItemCode>7290105964755</ItemCode><ItemType>1</ItemType><ItemName>בונבוניירה ספלנדיד מ</ItemName><ManufacturerName>עלית</ManufacturerName><ManufactureCountry>ישראל</ManufactureCountry><ManufacturerItemDescription>בונ ספלנדיד מיקס משפחתי 2</ManufacturerItemDescription><SoldByWeight/><Quantity>216.00</Quantity><UnitOfMeasure>גרם     </UnitOfMeasure><QtyInPackage>לא ידוע</QtyInPackage><UnitOfMeasurePrice>0.1338</UnitOfMeasurePrice><AllowDiscount>1</AllowDiscount><ItemStatus>1</ItemStatus><ItemPrice>28.90</ItemPrice></item><item><PriceUpdateDate>2015-11-02 17:21:01</PriceUpdateDate><ItemCode>7290105964915</ItemCode><ItemType>1</ItemType><ItemName>פופקורן בטעם טבעי 80</ItemName><ManufacturerName>עלית</ManufacturerName><ManufactureCountry>ישראל</ManufactureCountry><ManufacturerItemDescription>פופקורן בטעם טבעי 80 גרם</ManufacturerItemDescription><SoldByWeight/><Quantity>80.00</Quantity><UnitOfMeasure>גרם     </UnitOfMeasure><QtyInPackage>לא ידוע</QtyInPackage><UnitOfMeasurePrice>0.0738</UnitOfMeasurePrice><AllowDiscount>1</AllowDiscount><ItemStatus>1</ItemStatus><ItemPrice>5.90</ItemPrice></item><item><PriceUpdateDate>2016-05-01 12:09:53</PriceUpdateDate><ItemCode>7290105965509</ItemCode><ItemType>1</ItemType><ItemName>שוקולד ספלנדיד מוס מ</ItemName><ManufacturerName>ספלנדיד</ManufacturerName><ManufactureCountry>ישראל</ManufactureCountry><ManufacturerItemDescription>שוקולד ספלנדיד מריר 100 ג</ManufacturerItemDescription><SoldByWeight/><Quantity>100.00</Quantity><UnitOfMeasure>גרם     </UnitOfMeasure><QtyInPackage>לא ידוע</QtyInPackage><UnitOfMeasurePrice>0.1190</UnitOfMeasurePrice><AllowDiscount>1</AllowDiscount><ItemStatus>1</ItemStatus><ItemPrice>11.90</ItemPrice></item><item><PriceUpdateDate>2016-05-08 10:32:14</PriceUpdateDate><ItemCode>7290105965738</ItemCode><ItemType>1</ItemType><ItemName>דנונה לשתיה תות בננה</ItemName><ManufacturerName>דנונה</ManufacturerName><ManufactureCountry>ישראל</ManufactureCountry><ManufacturerItemDescription>משקה יוגורט תות בננה 250</ManufacturerItemDescription><SoldByWeight/><Quantity>267.00</Quantity><UnitOfMeasure>גרם     </UnitOfMeasure><QtyInPackage>לא ידוע</QtyInPackage><UnitOfMeasurePrice>0.0206</UnitOfMeasurePrice><AllowDiscount>1</AllowDiscount><ItemStatus>1</ItemStatus><ItemPrice>5.50</ItemPrice></item><item><PriceUpdateDate>2014-12-01 06:27:41</PriceUpdateDate><ItemCode>7290105966667</ItemCode><ItemType>1</ItemType><ItemName>צנצנת בזוקה ג'ולים ל</ItemName><ManufacturerName>בזוקה</ManufacturerName><ManufactureCountry>ישראל</ManufactureCountry><ManufacturerItemDescription>צנצנת בזוקה ג'ולים ל</ManufacturerItemDescription><SoldByWeight/><Quantity>120.00</Quantity><UnitOfMeasure>גרם     </UnitOfMeasure><QtyInPackage>לא ידוע</QtyInPackage><UnitOfMeasurePrice>0.1842</UnitOfMeasurePrice><AllowDiscount>1</AllowDiscount><ItemStatus>1</ItemStatus><ItemPrice>22.10</ItemPrice></item><item><PriceUpdateDate>2015-10-11 14:14:26</PriceUpdateDate><ItemCode>7290106342668</ItemCode><ItemType>1</ItemType><ItemName>פריכיות אורז מלא קוא</ItemName><ManufacturerName>קואופ שופ</ManufacturerName><ManufactureCountry>ישראל</ManufactureCountry><ManufacturerItemDescription>פריכיות אורז מלא קוא</ManufacturerItemDescription><SoldByWeight/><Quantity>100.00</Quantity><UnitOfMeasure>גרם     </UnitOfMeasure><QtyInPackage>לא ידוע</QtyInPackage><UnitOfMeasurePrice>0.0690</UnitOfMeasurePrice><AllowDiscount>1</AllowDiscount><ItemStatus>1</ItemStatus><ItemPrice>6.90</ItemPrice></item><item><PriceUpdateDate>2016-03-16 14:00:33</PriceUpdateDate><ItemCode>7290106342798</ItemCode><ItemType>1</ItemType><ItemName>שמן קנולה מזוכך 1 לי</ItemName><ManufacturerName>קואופ שופ</ManufacturerName><ManufactureCountry>ישראל</ManufactureCountry><ManufacturerItemDescription>שמן קנולה מזוכך 1 לי</ManufacturerItemDescription><SoldByWeight/><Quantity>1000.00</Quantity><UnitOfMeasure>מ"ל</UnitOfMeasure><QtyInPackage>לא ידוע</QtyInPackage><UnitOfMeasurePrice>0.0069</UnitOfMeasurePrice><AllowDiscount>1</AllowDiscount><ItemStatus>1</ItemStatus><ItemPrice>6.90</ItemPrice></item><item><PriceUpdateDate>2016-03-16 14:00:34</PriceUpdateDate><ItemCode>7290106342804</ItemCode><ItemType>1</ItemType><ItemName>שמן זית כתית מעולה 7</ItemName><ManufacturerName>קואופ שופ</ManufacturerName><ManufactureCountry>ישראל</ManufactureCountry><ManufacturerItemDescription>שמן זית כתית מעולה 7</ManufacturerItemDescription><SoldByWeight/><Quantity>750.00</Quantity><UnitOfMeasure>מ"ל</UnitOfMeasure><QtyInPackage>לא ידוע</QtyInPackage><UnitOfMeasurePrice>0.0399</UnitOfMeasurePrice><AllowDiscount>1</AllowDiscount><ItemStatus>1</ItemStatus><ItemPrice>29.90</ItemPrice></item><item><PriceUpdateDate>2014-12-01 06:28:24</PriceUpdateDate><ItemCode>7290106411319</ItemCode><ItemType>1</ItemType><ItemName>סוכריות גומי תנת'ה נ</ItemName><ManufacturerName>תנת'ה</ManufacturerName><ManufactureCountry>ישראל</ManufactureCountry><ManufacturerItemDescription>סוכריות גומי תנת'ה נ</ManufacturerItemDescription><SoldByWeight/><Quantity>100.00</Quantity><UnitOfMeasure>גרם     </UnitOfMeasure><QtyInPackage>לא ידוע</QtyInPackage><UnitOfMeasurePrice>0.0490</UnitOfMeasurePrice><AllowDiscount>1</AllowDiscount><ItemStatus>1</ItemStatus><ItemPrice>4.90</ItemPrice></item><item><PriceUpdateDate>2014-12-01 06:28:24</PriceUpdateDate><ItemCode>7290106411326</ItemCode><ItemType>1</ItemType><ItemName>סוכריות גומי תנת'ה ב</ItemName><ManufacturerName>תנת'ה</ManufacturerName><ManufactureCountry>ישראל</ManufactureCountry><ManufacturerItemDescription>סוכריות גומי תנת'ה ב</ManufacturerItemDescription><SoldByWeight/><Quantity>100.00</Quantity><UnitOfMeasure>גרם     </UnitOfMeasure><QtyInPackage>לא ידוע</QtyInPackage><UnitOfMeasurePrice>0.0490</UnitOfMeasurePrice><AllowDiscount>1</AllowDiscount><ItemStatus>1</ItemStatus><ItemPrice>4.90</ItemPrice></item><item><PriceUpdateDate>2014-12-01 06:28:24</PriceUpdateDate><ItemCode>7290106411333</ItemCode><ItemType>1</ItemType><ItemName>סוכריות גומי תנת'ה ב</ItemName><ManufacturerName>תנת'ה</ManufacturerName><ManufactureCountry>ישראל</ManufactureCountry><ManufacturerItemDescription>סוכריות גומי תנת'ה ב</ManufacturerItemDescription><SoldByWeight/><Quantity>100.00</Quantity><UnitOfMeasure>גרם     </UnitOfMeasure><QtyInPackage>לא ידוע</QtyInPackage><UnitOfMeasurePrice>0.0490</UnitOfMeasurePrice><AllowDiscount>1</AllowDiscount><ItemStatus>1</ItemStatus><ItemPrice>4.90</ItemPrice></item><item><PriceUpdateDate>2015-11-12 07:14:10</PriceUpdateDate><ItemCode>7290106411524</ItemCode><ItemType>1</ItemType><ItemName>ממתק חמוץ מסוכר תות</ItemName><ManufacturerName>לא ממותג</ManufacturerName><ManufactureCountry>ישראל</ManufactureCountry><ManufacturerItemDescription>ממתק חמוץ מסוכר תות</ManufacturerItemDescription><SoldByWeight/><Quantity>50.00</Quantity><UnitOfMeasure>גרם     </UnitOfMeasure><QtyInPackage>לא ידוע</QtyInPackage><UnitOfMeasurePrice>0.1000</UnitOfMeasurePrice><AllowDiscount>1</AllowDiscount><ItemStatus>1</ItemStatus><ItemPrice>5.00</ItemPrice></item><item><PriceUpdateDate>2016-02-03 10:55:07</PriceUpdateDate><ItemCode>7290106520288</ItemCode><ItemType>1</ItemType><ItemName>דנונה פרו תות 2.4% 1</ItemName><ManufacturerName>דנונה</ManufacturerName><ManufactureCountry>ישראל</ManufactureCountry><ManufacturerItemDescription>דנונה פרי בתחתית תות 145</ManufacturerItemDescription><SoldByWeight/><Quantity>150.00</Quantity><UnitOfMeasure>גרם     </UnitOfMeasure><QtyInPackage>לא ידוע</QtyInPackage><UnitOfMeasurePrice>0.0333</UnitOfMeasurePrice><AllowDiscount>1</AllowDiscount><ItemStatus>1</ItemStatus><ItemPrice>5.00</ItemPrice></item><item><PriceUpdateDate>2015-12-28 12:23:21</PriceUpdateDate><ItemCode>7290106520295</ItemCode><ItemType>1</ItemType><ItemName>דנונה פרו לבן 2.9% 1</ItemName><ManufacturerName>דנונה</ManufacturerName><ManufactureCountry>ישראל</ManufactureCountry><ManufacturerItemDescription>דנונה פרי בתחתית תות 145</ManufacturerItemDescription><SoldByWeight/><Quantity>150.00</Quantity><UnitOfMeasure>גרם     </UnitOfMeasure><QtyInPackage>לא ידוע</QtyInPackage><UnitOfMeasurePrice>0.0333</UnitOfMeasurePrice><AllowDiscount>1</AllowDiscount><ItemStatus>1</ItemStatus><ItemPrice>5.00</ItemPrice></item><item><PriceUpdateDate>2016-01-14 06:59:42</PriceUpdateDate><ItemCode>7290106520387</ItemCode><ItemType>1</ItemType><ItemName>מסטיק בזוקה ג'ולים ל</ItemName><ManufacturerName>בזוקה</ManufacturerName><ManufactureCountry>ישראל</ManufactureCountry><ManufacturerItemDescription>בזוקה גולים לא סוכר</ManufacturerItemDescription><SoldByWeight/><Quantity>21.00</Quantity><UnitOfMeasure>גרם     </UnitOfMeasure><QtyInPackage>לא ידוע</QtyInPackage><UnitOfMeasurePrice>0.2333</UnitOfMeasurePrice><AllowDiscount>1</AllowDiscount><ItemStatus>1</ItemStatus><ItemPrice>4.90</ItemPrice></item><item><PriceUpdateDate>2016-03-16 14:01:06</PriceUpdateDate><ItemCode>7290106520462</ItemCode><ItemType>1</ItemType><ItemName>מאגדת מילקי CAKE קיי</ItemName><ManufacturerName>מילקי</ManufacturerName><ManufactureCountry>ישראל</ManufactureCountry><ManufacturerItemDescription>מילקי וניל170 מל</ManufacturerItemDescription><SoldByWeight/><Quantity>136.00</Quantity><UnitOfMeasure>גרם     </UnitOfMeasure><QtyInPackage>לא ידוע</QtyInPackage><UnitOfMeasurePrice>0.0801</UnitOfMeasurePrice><AllowDiscount>1</AllowDiscount><ItemStatus>1</ItemStatus><ItemPrice>10.90</ItemPrice></item><item><PriceUpdateDate>2016-02-03 10:55:21</PriceUpdateDate><ItemCode>7290106520912</ItemCode><ItemType>1</ItemType><ItemName>שמנת לבישול 9% יטבתה</ItemName><ManufacturerName>יטבתה</ManufacturerName><ManufactureCountry>ישראל</ManufactureCountry><ManufacturerItemDescription>שמנת לבישול 9% יטבתה</ManufacturerItemDescription><SoldByWeight/><Quantity>250.00</Quantity><UnitOfMeasure>מ"ל</UnitOfMeasure><QtyInPackage>לא ידוע</QtyInPackage><UnitOfMeasurePrice>0.0364</UnitOfMeasurePrice><AllowDiscount>1</AllowDiscount><ItemStatus>1</ItemStatus><ItemPrice>9.10</ItemPrice></item><item><PriceUpdateDate>2015-10-22 08:37:09</PriceUpdateDate><ItemCode>7290106523142</ItemCode><ItemType>1</ItemType><ItemName>מארז יוגורט יווני טב</ItemName><ManufacturerName>דנונה</ManufacturerName><ManufactureCountry>ישראל</ManufactureCountry><ManufacturerItemDescription>מארז 1/4 יוגורט יווני</ManufacturerItemDescription><SoldByWeight/><Quantity>520.00</Quantity><UnitOfMeasure>גרם     </UnitOfMeasure><QtyInPackage>לא ידוע</QtyInPackage><UnitOfMeasurePrice>0.0254</UnitOfMeasurePrice><AllowDiscount>1</AllowDiscount><ItemStatus>1</ItemStatus><ItemPrice>13.20</ItemPrice></item><item><PriceUpdateDate>2015-12-10 06:52:31</PriceUpdateDate><ItemCode>7290106526822</ItemCode><ItemType>1</ItemType><ItemName>פריכיות אנרג'י שוק.ח</ItemName><ManufacturerName>אנרג'י</ManufacturerName><ManufactureCountry>ישראל</ManufactureCountry><ManufacturerItemDescription>פריכיות עם תחתית שוקולד</ManufacturerItemDescription><SoldByWeight/><Quantity>80.00</Quantity><UnitOfMeasure>גרם     </UnitOfMeasure><QtyInPackage>לא ידוע</QtyInPackage><UnitOfMeasurePrice>0.1113</UnitOfMeasurePrice><AllowDiscount>1</AllowDiscount><ItemStatus>1</ItemStatus><ItemPrice>8.90</ItemPrice></item><item><PriceUpdateDate>2016-05-01 12:09:59</PriceUpdateDate><ItemCode>7290106570023</ItemCode><ItemType>1</ItemType><ItemName>בייגלה שטוחים שומשום</ItemName><ManufacturerName>אסם</ManufacturerName><ManufactureCountry>ישראל</ManufactureCountry><ManufacturerItemDescription>בייגלה שטוחים שומשום ללא</ManufacturerItemDescription><SoldByWeight/><Quantity>250.00</Quantity><UnitOfMeasure>גרם     </UnitOfMeasure><QtyInPackage>לא ידוע</QtyInPackage><UnitOfMeasurePrice>0.0604</UnitOfMeasurePrice><AllowDiscount>1</AllowDiscount><ItemStatus>1</ItemStatus><ItemPrice>15.10</ItemPrice></item><item><PriceUpdateDate>2016-05-01 12:09:59</PriceUpdateDate><ItemCode>7290106570177</ItemCode><ItemType>1</ItemType><ItemName>בייגלה שטוחים מלח כש</ItemName><ManufacturerName>אסם</ManufacturerName><ManufactureCountry>ישראל</ManufactureCountry><ManufacturerItemDescription>בייגלה שטוחים מלח ללא גלו</ManufacturerItemDescription><SoldByWeight/><Quantity>250.00</Quantity><UnitOfMeasure>גרם     </UnitOfMeasure><QtyInPackage>לא ידוע</QtyInPackage><UnitOfMeasurePrice>0.0604</UnitOfMeasurePrice><AllowDiscount>1</AllowDiscount><ItemStatus>1</ItemStatus><ItemPrice>15.10</ItemPrice></item><item><PriceUpdateDate>2015-10-14 11:43:54</PriceUpdateDate><ItemCode>7290106573574</ItemCode><ItemType>1</ItemType><ItemName>סלט צבר חומוס ירושלמ</ItemName><ManufacturerName>צבר</ManufacturerName><ManufactureCountry>ישראל</ManufactureCountry><ManufacturerItemDescription>סלט חומוס ירושלמי 400 גרם</ManufacturerItemDescription><SoldByWeight/><Quantity>400.00</Quantity><UnitOfMeasure>גרם     </UnitOfMeasure><QtyInPackage>לא ידוע</QtyInPackage><UnitOfMeasurePrice>0.0360</UnitOfMeasurePrice><AllowDiscount>1</AllowDiscount><ItemStatus>1</ItemStatus><ItemPrice>14.40</ItemPrice></item><item><PriceUpdateDate>2015-10-14 11:43:54</PriceUpdateDate><ItemCode>7290106573598</ItemCode><ItemType>1</ItemType><ItemName>סלט צבר חומוס לבנוני</ItemName><ManufacturerName>צבר</ManufacturerName><ManufactureCountry>ישראל</ManufactureCountry><ManufacturerItemDescription>סלט חומוס לבנוני 400 גרם</ManufacturerItemDescription><SoldByWeight/><Quantity>400.00</Quantity><UnitOfMeasure>גרם     </UnitOfMeasure><QtyInPackage>לא ידוע</QtyInPackage><UnitOfMeasurePrice>0.0360</UnitOfMeasurePrice><AllowDiscount>1</AllowDiscount><ItemStatus>1</ItemStatus><ItemPrice>14.40</ItemPrice></item><item><PriceUpdateDate>2015-10-14 11:43:54</PriceUpdateDate><ItemCode>7290106573628</ItemCode><ItemType>1</ItemType><ItemName>סלט צבר חומוס עם טחי</ItemName><ManufacturerName>צבר</ManufacturerName><ManufactureCountry>ישראל</ManufactureCountry><ManufacturerItemDescription>סלט חומוס טחינה 400 גרם</ManufacturerItemDescription><SoldByWeight/><Quantity>400.00</Quantity><UnitOfMeasure>גרם     </UnitOfMeasure><QtyInPackage>לא ידוע</QtyInPackage><UnitOfMeasurePrice>0.0360</UnitOfMeasurePrice><AllowDiscount>1</AllowDiscount><ItemStatus>1</ItemStatus><ItemPrice>14.40</ItemPrice></item><item><PriceUpdateDate>2015-10-14 11:43:54</PriceUpdateDate><ItemCode>7290106573642</ItemCode><ItemType>1</ItemType><ItemName>סלט צבר חומוס צנובר</ItemName><ManufacturerName>צבר</ManufacturerName><ManufactureCountry>ישראל</ManufactureCountry><ManufacturerItemDescription>סלט חומוס צנובר 400 גרם</ManufacturerItemDescription><SoldByWeight/><Quantity>400.00</Quantity><UnitOfMeasure>גרם     </UnitOfMeasure><QtyInPackage>לא ידוע</QtyInPackage><UnitOfMeasurePrice>0.0360</UnitOfMeasurePrice><AllowDiscount>1</AllowDiscount><ItemStatus>1</ItemStatus><ItemPrice>14.40</ItemPrice></item><item><PriceUpdateDate>2016-03-29 07:11:18</PriceUpdateDate><ItemCode>7290106573703</ItemCode><ItemType>1</ItemType><ItemName>סלט חציל פיקנטי רפי</ItemName><ManufacturerName>צבר</ManufacturerName><ManufactureCountry>ישראל</ManufactureCountry><ManufacturerItemDescription>סלט חציל פיקנטי רפי</ManufacturerItemDescription><SoldByWeight/><Quantity>400.00</Quantity><UnitOfMeasure>גרם     </UnitOfMeasure><QtyInPackage>לא ידוע</QtyInPackage><UnitOfMeasurePrice>0.0413</UnitOfMeasurePrice><AllowDiscount>1</AllowDiscount><ItemStatus>1</ItemStatus><ItemPrice>16.50</ItemPrice></item><item><PriceUpdateDate>2014-12-01 06:27:36</PriceUpdateDate><ItemCode>7290106574120</ItemCode><ItemType>1</ItemType><ItemName>שלגון גומיגם</ItemName><ManufacturerName>גומי גם</ManufacturerName><ManufactureCountry>ישראל</ManufactureCountry><ManufacturerItemDescription>שלגון גומיגם</ManufacturerItemDescription><SoldByWeight/><Quantity>0.00</Quantity><UnitOfMeasure>יח'</UnitOfMeasure><QtyInPackage>לא ידוע</QtyInPackage><UnitOfMeasurePrice>0.0000</UnitOfMeasurePrice><AllowDiscount>1</AllowDiscount><ItemStatus>1</ItemStatus><ItemPrice>6.90</ItemPrice></item><item><PriceUpdateDate>2015-11-02 17:21:03</PriceUpdateDate><ItemCode>7290106576513</ItemCode><ItemType>1</ItemType><ItemName>סלט חומוס צבר 400 גר</ItemName><ManufacturerName>צבר</ManufacturerName><ManufactureCountry>ישראל</ManufactureCountry><ManufacturerItemDescription>סלט חומוס 400 גר</ManufacturerItemDescription><SoldByWeight/><Quantity>400.00</Quantity><UnitOfMeasure>גרם     </UnitOfMeasure><QtyInPackage>לא ידוע</QtyInPackage><UnitOfMeasurePrice>0.0252</UnitOfMeasurePrice><AllowDiscount>1</AllowDiscount><ItemStatus>1</ItemStatus><ItemPrice>10.10</ItemPrice></item><item><PriceUpdateDate>2016-03-16 14:01:07</PriceUpdateDate><ItemCode>7290106576537</ItemCode><ItemType>1</ItemType><ItemName>חומוס צבר מסעדה 700</ItemName><ManufacturerName>צבר</ManufacturerName><ManufactureCountry>ישראל</ManufactureCountry><ManufacturerItemDescription>חומוס מסעדה 700 גר</ManufacturerItemDescription><SoldByWeight/><Quantity>700.00</Quantity><UnitOfMeasure>גרם     </UnitOfMeasure><QtyInPackage>לא ידוע</QtyInPackage><UnitOfMeasurePrice>0.0156</UnitOfMeasurePrice><AllowDiscount>1</AllowDiscount><ItemStatus>1</ItemStatus><ItemPrice>10.90</ItemPrice></item><item><PriceUpdateDate>2016-05-01 10:30:31</PriceUpdateDate><ItemCode>7290106576797</ItemCode><ItemType>1</ItemType><ItemName>גלידה קרמריה 1.4 ליט</ItemName><ManufacturerName>לה קרמריה</ManufacturerName><ManufactureCountry>ישראל</ManufactureCountry><ManufacturerItemDescription>גלידה לה קרמריה וניל איטל</ManufacturerItemDescription><SoldByWeight/><Quantity>1400.00</Quantity><UnitOfMeasure>מ"ל</UnitOfMeasure><QtyInPackage>לא ידוע</QtyInPackage><UnitOfMeasurePrice>0.0135</UnitOfMeasurePrice><AllowDiscount>1</AllowDiscount><ItemStatus>1</ItemStatus><ItemPrice>18.90</ItemPrice></item><item><PriceUpdateDate>2016-05-01 10:30:31</PriceUpdateDate><ItemCode>7290106576810</ItemCode><ItemType>1</ItemType><ItemName>גלידה קרמריה 1.4 ליט</ItemName><ManufacturerName>לה קרמריה</ManufacturerName><ManufactureCountry>ישראל</ManufactureCountry><ManufacturerItemDescription>לה קרמריה ריבת חלב</ManufacturerItemDescription><SoldByWeight/><Quantity>1400.00</Quantity><UnitOfMeasure>מ"ל</UnitOfMeasure><QtyInPackage>לא ידוע</QtyInPackage><UnitOfMeasurePrice>0.0135</UnitOfMeasurePrice><AllowDiscount>1</AllowDiscount><ItemStatus>1</ItemStatus><ItemPrice>18.90</ItemPrice></item><item><PriceUpdateDate>2016-05-01 10:30:32</PriceUpdateDate><ItemCode>7290106576957</ItemCode><ItemType>1</ItemType><ItemName>גלידה קרמריה 1.4 ליט</ItemName><ManufacturerName>לה קרמריה</ManufacturerName><ManufactureCountry>ישראל</ManufactureCountry><ManufacturerItemDescription>לה קרמריה שוקו פליק</ManufacturerItemDescription><SoldByWeight/><Quantity>1400.00</Quantity><UnitOfMeasure>מ"ל</UnitOfMeasure><QtyInPackage>לא ידוע</QtyInPackage><UnitOfMeasurePrice>0.0135</UnitOfMeasurePrice><AllowDiscount>1</AllowDiscount><ItemStatus>1</ItemStatus><ItemPrice>18.90</ItemPrice></item><item><PriceUpdateDate>2016-05-01 10:30:32</PriceUpdateDate><ItemCode>7290106577039</ItemCode><ItemType>1</ItemType><ItemName>גלידה קרמריה 1.4 ליט</ItemName><ManufacturerName>לה קרמריה</ManufacturerName><ManufactureCountry>ישראל</ManufactureCountry><ManufacturerItemDescription>לה קרמריה שוקו פליק</ManufacturerItemDescription><SoldByWeight/><Quantity>1400.00</Quantity><UnitOfMeasure>מ"ל</UnitOfMeasure><QtyInPackage>לא ידוע</QtyInPackage><UnitOfMeasurePrice>0.0135</UnitOfMeasurePrice><AllowDiscount>1</AllowDiscount><ItemStatus>1</ItemStatus><ItemPrice>18.90</ItemPrice></item><item><PriceUpdateDate>2015-11-02 17:21:03</PriceUpdateDate><ItemCode>7290106577282</ItemCode><ItemType>1</ItemType><ItemName>סלט טחינה צבר 400 גר</ItemName><ManufacturerName>צבר</ManufacturerName><ManufactureCountry>ישראל</ManufactureCountry><ManufacturerItemDescription>טחינה 400 גר</ManufacturerItemDescription><SoldByWeight/><Quantity>400.00</Quantity><UnitOfMeasure>גרם     </UnitOfMeasure><QtyInPackage>לא ידוע</QtyInPackage><UnitOfMeasurePrice>0.0390</UnitOfMeasurePrice><AllowDiscount>1</AllowDiscount><ItemStatus>1</ItemStatus><ItemPrice>15.60</ItemPrice></item><item><PriceUpdateDate>2015-11-02 17:21:03</PriceUpdateDate><ItemCode>7290106577480</ItemCode><ItemType>1</ItemType><ItemName>חציל על האש בטחינה מ</ItemName><ManufacturerName>צבר</ManufacturerName><ManufactureCountry>ישראל</ManufactureCountry><ManufacturerItemDescription>חציל על האש בטחינה 400 גר</ManufacturerItemDescription><SoldByWeight/><Quantity>400.00</Quantity><UnitOfMeasure>גרם     </UnitOfMeasure><QtyInPackage>לא ידוע</QtyInPackage><UnitOfMeasurePrice>0.0380</UnitOfMeasurePrice><AllowDiscount>1</AllowDiscount><ItemStatus>1</ItemStatus><ItemPrice>15.20</ItemPrice></item><item><PriceUpdateDate>2015-11-02 17:21:03</PriceUpdateDate><ItemCode>7290106577503</ItemCode><ItemType>1</ItemType><ItemName>סלט חצילים צבר 400 ג</ItemName><ManufacturerName>צבר</ManufacturerName><ManufactureCountry>ישראל</ManufactureCountry><ManufacturerItemDescription>חציל במיונז 400 גרם</ManufacturerItemDescription><SoldByWeight/><Quantity>400.00</Quantity><UnitOfMeasure>גרם     </UnitOfMeasure><QtyInPackage>לא ידוע</QtyInPackage><UnitOfMeasurePrice>0.0390</UnitOfMeasurePrice><AllowDiscount>1</AllowDiscount><ItemStatus>1</ItemStatus><ItemPrice>15.60</ItemPrice></item><item><PriceUpdateDate>2015-11-15 20:35:51</PriceUpdateDate><ItemCode>7290106577527</ItemCode><ItemType>1</ItemType><ItemName>סלט קולסלו 400 גרם</ItemName><ManufacturerName>צבר</ManufacturerName><ManufactureCountry>ישראל</ManufactureCountry><ManufacturerItemDescription>סלט קולסלו 400 גרם</ManufacturerItemDescription><SoldByWeight/><Quantity>400.00</Quantity><UnitOfMeasure>גרם     </UnitOfMeasure><QtyInPackage>לא ידוע</QtyInPackage><UnitOfMeasurePrice>0.0380</UnitOfMeasurePrice><AllowDiscount>1</AllowDiscount><ItemStatus>1</ItemStatus><ItemPrice>15.20</ItemPrice></item><item><PriceUpdateDate>2015-11-15 20:35:51</PriceUpdateDate><ItemCode>7290106577572</ItemCode><ItemType>1</ItemType><ItemName>סלט מטבוחה  מרובע 40</ItemName><ManufacturerName>צבר</ManufacturerName><ManufactureCountry>ישראל</ManufactureCountry><ManufacturerItemDescription>סלט מטבוחה  מרובע 40</ManufacturerItemDescription><SoldByWeight/><Quantity>400.00</Quantity><UnitOfMeasure>גרם     </UnitOfMeasure><QtyInPackage>לא ידוע</QtyInPackage><UnitOfMeasurePrice>0.0370</UnitOfMeasurePrice><AllowDiscount>1</AllowDiscount><ItemStatus>1</ItemStatus><ItemPrice>14.80</ItemPrice></item><item><PriceUpdateDate>2015-11-02 17:21:03</PriceUpdateDate><ItemCode>7290106578333</ItemCode><ItemType>1</ItemType><ItemName>סלט חציל על האש 400</ItemName><ManufacturerName>צבר</ManufacturerName><ManufactureCountry>ישראל</ManufactureCountry><ManufacturerItemDescription>חציל על האש 400 גר</ManufacturerItemDescription><SoldByWeight/><Quantity>400.00</Quantity><UnitOfMeasure>גרם     </UnitOfMeasure><QtyInPackage>לא ידוע</QtyInPackage><UnitOfMeasurePrice>0.0390</UnitOfMeasurePrice><AllowDiscount>1</AllowDiscount><ItemStatus>1</ItemStatus><ItemPrice>15.60</ItemPrice></item><item><PriceUpdateDate>2016-03-29 07:11:18</PriceUpdateDate><ItemCode>7290106579293</ItemCode><ItemType>1</ItemType><ItemName>סלט סלק רפי כהן 400</ItemName><ManufacturerName>צבר</ManufacturerName><ManufactureCountry>ישראל</ManufactureCountry><ManufacturerItemDescription>סלט סלק רפי כהן 400</ManufacturerItemDescription><SoldByWeight/><Quantity>400.00</Quantity><UnitOfMeasure>גרם     </UnitOfMeasure><QtyInPackage>לא ידוע</QtyInPackage><UnitOfMeasurePrice>0.0413</UnitOfMeasurePrice><AllowDiscount>1</AllowDiscount><ItemStatus>1</ItemStatus><ItemPrice>16.50</ItemPrice></item><item><PriceUpdateDate>2016-03-16 14:01:07</PriceUpdateDate><ItemCode>7290106652484</ItemCode><ItemType>1</ItemType><ItemName>בפלות שוקולד בד"צ 30</ItemName><ManufacturerName>עלית</ManufacturerName><ManufactureCountry>ישראל</ManufactureCountry><ManufacturerItemDescription>בפלות שוקולד קראנץ 300 גר</ManufacturerItemDescription><SoldByWeight/><Quantity>300.00</Quantity><UnitOfMeasure>גרם     </UnitOfMeasure><QtyInPackage>לא ידוע</QtyInPackage><UnitOfMeasurePrice>0.0220</UnitOfMeasurePrice><AllowDiscount>1</AllowDiscount><ItemStatus>1</ItemStatus><ItemPrice>6.60</ItemPrice></item><item><PriceUpdateDate>2016-03-16 14:01:07</PriceUpdateDate><ItemCode>7290106652491</ItemCode><ItemType>1</ItemType><ItemName>בפלות לימון בד"צ 300</ItemName><ManufacturerName>עלית</ManufacturerName><ManufactureCountry>ישראל</ManufactureCountry><ManufacturerItemDescription>בפלות לימון קראנץ 300 גרם</ManufacturerItemDescription><SoldByWeight/><Quantity>300.00</Quantity><UnitOfMeasure>גרם     </UnitOfMeasure><QtyInPackage>לא ידוע</QtyInPackage><UnitOfMeasurePrice>0.0220</UnitOfMeasurePrice><AllowDiscount>1</AllowDiscount><ItemStatus>1</ItemStatus><ItemPrice>6.60</ItemPrice></item><item><PriceUpdateDate>2016-02-03 10:55:07</PriceUpdateDate><ItemCode>7290106654099</ItemCode><ItemType>1</ItemType><ItemName>מארז מילקי CAKE קייק</ItemName><ManufacturerName>מילקי</ManufacturerName><ManufactureCountry>ישראל</ManufactureCountry><ManufacturerItemDescription>מילקי וניל170 מל</ManufacturerItemDescription><SoldByWeight/><Quantity>272.00</Quantity><UnitOfMeasure>גרם     </UnitOfMeasure><QtyInPackage>לא ידוע</QtyInPackage><UnitOfMeasurePrice>0.0805</UnitOfMeasurePrice><AllowDiscount>1</AllowDiscount><ItemStatus>1</ItemStatus><ItemPrice>21.90</ItemPrice></item><item><PriceUpdateDate>2015-11-12 07:14:56</PriceUpdateDate><ItemCode>7290106654778</ItemCode><ItemType>1</ItemType><ItemName>מסטיק מאסט ספירמינט</ItemName><ManufacturerName>מאסט</ManufacturerName><ManufactureCountry>גרמניה</ManufactureCountry><ManufacturerItemDescription>טונה ריו מרה 3יח80גרם</ManufacturerItemDescription><SoldByWeight/><Quantity>31.00</Quantity><UnitOfMeasure>גרם     </UnitOfMeasure><QtyInPackage>לא ידוע</QtyInPackage><UnitOfMeasurePrice>0.2290</UnitOfMeasurePrice><AllowDiscount>1</AllowDiscount><ItemStatus>1</ItemStatus><ItemPrice>7.10</ItemPrice></item><item><PriceUpdateDate>2015-09-30 23:47:50</PriceUpdateDate><ItemCode>7290106654921</ItemCode><ItemType>1</ItemType><ItemName>חטיף תפוצי'פס אקסטרא</ItemName><ManufacturerName>תפוציפס</ManufacturerName><ManufactureCountry>ישראל</ManufactureCountry><ManufacturerItemDescription>חטיף תפוצי'פס אקסטרא</ManufacturerItemDescription><SoldByWeight/><Quantity>50.00</Quantity><UnitOfMeasure>גרם     </UnitOfMeasure><QtyInPackage>לא ידוע</QtyInPackage><UnitOfMeasurePrice>0.0780</UnitOfMeasurePrice><AllowDiscount>1</AllowDiscount><ItemStatus>1</ItemStatus><ItemPrice>3.90</ItemPrice></item><item><PriceUpdateDate>2015-09-30 23:47:50</PriceUpdateDate><ItemCode>7290106654945</ItemCode><ItemType>1</ItemType><ItemName>חטיף תפוצי'פס אקסטרא</ItemName><ManufacturerName>תפוציפס</ManufacturerName><ManufactureCountry>ישראל</ManufactureCountry><ManufacturerItemDescription>חטיף תפוצי'פס אקסטרא</ManufacturerItemDescription><SoldByWeight/><Quantity>50.00</Quantity><UnitOfMeasure>גרם     </UnitOfMeasure><QtyInPackage>לא ידוע</QtyInPackage><UnitOfMeasurePrice>0.0780</UnitOfMeasurePrice><AllowDiscount>1</AllowDiscount><ItemStatus>1</ItemStatus><ItemPrice>3.90</ItemPrice></item><item><PriceUpdateDate>2015-10-11 14:22:50</PriceUpdateDate><ItemCode>7290106655638</ItemCode><ItemType>1</ItemType><ItemName>חטיף דוריטוס נפוליטנ</ItemName><ManufacturerName>דוריטוס</ManufacturerName><ManufactureCountry>ישראל</ManufactureCountry><ManufacturerItemDescription>חטיף דוריטוס נפוליטנ</ManufacturerItemDescription><SoldByWeight/><Quantity>55.00</Quantity><UnitOfMeasure>גרם     </UnitOfMeasure><QtyInPackage>לא ידוע</QtyInPackage><UnitOfMeasurePrice>0.0655</UnitOfMeasurePrice><AllowDiscount>1</AllowDiscount><ItemStatus>1</ItemStatus><ItemPrice>3.60</ItemPrice></item><item><PriceUpdateDate>2016-02-02 05:51:39</PriceUpdateDate><ItemCode>7290106656727</ItemCode><ItemType>1</ItemType><ItemName>עוגיות חיוכים שוקו 6</ItemName><ManufacturerName>עלית</ManufacturerName><ManufactureCountry>ישראל</ManufactureCountry><ManufacturerItemDescription>חיוכים בטעם שוקו 600 גרם</ManufacturerItemDescription><SoldByWeight/><Quantity>600.00</Quantity><UnitOfMeasure>גרם     </UnitOfMeasure><QtyInPackage>לא ידוע</QtyInPackage><UnitOfMeasurePrice>0.0332</UnitOfMeasurePrice><AllowDiscount>1</AllowDiscount><ItemStatus>1</ItemStatus><ItemPrice>19.90</ItemPrice></item><item><PriceUpdateDate>2016-03-01 06:45:23</PriceUpdateDate><ItemCode>7290106657137</ItemCode><ItemType>1</ItemType><ItemName>תפוצי'פס אקסטרא טבעי</ItemName><ManufacturerName>תפוציפס</ManufacturerName><ManufactureCountry>ישראל</ManufactureCountry><ManufacturerItemDescription>תפוצי'פס אקסטרא טבעי</ManufacturerItemDescription><SoldByWeight/><Quantity>200.00</Quantity><UnitOfMeasure>גרם     </UnitOfMeasure><QtyInPackage>לא ידוע</QtyInPackage><UnitOfMeasurePrice>0.0610</UnitOfMeasurePrice><AllowDiscount>1</AllowDiscount><ItemStatus>1</ItemStatus><ItemPrice>12.20</ItemPrice></item><item><PriceUpdateDate>2016-03-01 06:45:24</PriceUpdateDate><ItemCode>7290106661806</ItemCode><ItemType>1</ItemType><ItemName>סימפוניה 5% סמטאות ה</ItemName><ManufacturerName>סימפוניה שטראוס</ManufacturerName><ManufactureCountry>ישראל</ManufactureCountry><ManufacturerItemDescription>סימפוניה 5% סמטאות ה</ManufacturerItemDescription><SoldByWeight/><Quantity>200.00</Quantity><UnitOfMeasure>גרם     </UnitOfMeasure><QtyInPackage>לא ידוע</QtyInPackage><UnitOfMeasurePrice>0.0595</UnitOfMeasurePrice><AllowDiscount>0</AllowDiscount><ItemStatus>1</ItemStatus><ItemPrice>11.90</ItemPrice></item><item><PriceUpdateDate>2015-12-28 12:23:21</PriceUpdateDate><ItemCode>7290106662629</ItemCode><ItemType>1</ItemType><ItemName>JOY מעדן דיאט וניל 1</ItemName><ManufacturerName>מעדן שטראוס</ManufacturerName><ManufactureCountry>ישראל</ManufactureCountry><ManufacturerItemDescription>מעדן גוי דיאט בטעם שוקולד</ManufacturerItemDescription><SoldByWeight/><Quantity>130.00</Quantity><UnitOfMeasure>גרם     </UnitOfMeasure><QtyInPackage>לא ידוע</QtyInPackage><UnitOfMeasurePrice>0.0269</UnitOfMeasurePrice><AllowDiscount>1</AllowDiscount><ItemStatus>1</ItemStatus><ItemPrice>3.50</ItemPrice></item><item><PriceUpdateDate>2015-12-28 12:23:21</PriceUpdateDate><ItemCode>7290106662643</ItemCode><ItemType>1</ItemType><ItemName>JOY מעדן דיאט שוקולד</ItemName><ManufacturerName>מעדן שטראוס</ManufacturerName><ManufactureCountry>ישראל</ManufactureCountry><ManufacturerItemDescription>מעדן גוי דיאט בטעם שוקולד</ManufacturerItemDescription><SoldByWeight/><Quantity>130.00</Quantity><UnitOfMeasure>גרם     </UnitOfMeasure><QtyInPackage>לא ידוע</QtyInPackage><UnitOfMeasurePrice>0.0269</UnitOfMeasurePrice><AllowDiscount>1</AllowDiscount><ItemStatus>1</ItemStatus><ItemPrice>3.50</ItemPrice></item><item><PriceUpdateDate>2016-03-21 10:50:34</PriceUpdateDate><ItemCode>7290106662964</ItemCode><ItemType>1</ItemType><ItemName>סוכריות גומי יין 100</ItemName><ManufacturerName>עלית</ManufacturerName><ManufactureCountry>לא ידוע</ManufactureCountry><ManufacturerItemDescription>סוכריות גומי יין 100</ManufacturerItemDescription><SoldByWeight/><Quantity>100.00</Quantity><UnitOfMeasure>גרם     </UnitOfMeasure><QtyInPackage>לא ידוע</QtyInPackage><UnitOfMeasurePrice>0.0590</UnitOfMeasurePrice><AllowDiscount>1</AllowDiscount><ItemStatus>1</ItemStatus><ItemPrice>5.90</ItemPrice></item><item><PriceUpdateDate>2016-03-01 06:45:24</PriceUpdateDate><ItemCode>7290106663053</ItemCode><ItemType>1</ItemType><ItemName>סימפוניה 5% ערב בפרי</ItemName><ManufacturerName>סימפוניה שטראוס</ManufacturerName><ManufactureCountry>ישראל</ManufactureCountry><ManufacturerItemDescription>סימפוניה 5% ערב בפרי</ManufacturerItemDescription><SoldByWeight/><Quantity>200.00</Quantity><UnitOfMeasure>גרם     </UnitOfMeasure><QtyInPackage>לא ידוע</QtyInPackage><UnitOfMeasurePrice>0.0595</UnitOfMeasurePrice><AllowDiscount>0</AllowDiscount><ItemStatus>1</ItemStatus><ItemPrice>11.90</ItemPrice></item><item><PriceUpdateDate>2016-02-02 05:51:39</PriceUpdateDate><ItemCode>7290106663091</ItemCode><ItemType>1</ItemType><ItemName>לאבנה 9% 500 גרם שטר</ItemName><ManufacturerName>שטראוס</ManufacturerName><ManufactureCountry>ישראל</ManufactureCountry><ManufacturerItemDescription>לאבנה 9% 500 גרם שטר</ManufacturerItemDescription><SoldByWeight/><Quantity>500.00</Quantity><UnitOfMeasure>גרם     </UnitOfMeasure><QtyInPackage>לא ידוע</QtyInPackage><UnitOfMeasurePrice>0.0378</UnitOfMeasurePrice><AllowDiscount>1</AllowDiscount><ItemStatus>1</ItemStatus><ItemPrice>18.90</ItemPrice></item><item><PriceUpdateDate>2015-10-13 11:27:39</PriceUpdateDate><ItemCode>7290106663121</ItemCode><ItemType>1</ItemType><ItemName>מילקי CAKE קייק 34 ג</ItemName><ManufacturerName>מילקי</ManufacturerName><ManufactureCountry>ישראל</ManufactureCountry><ManufacturerItemDescription>מילקי וניל170 מל</ManufacturerItemDescription><SoldByWeight/><Quantity>34.00</Quantity><UnitOfMeasure>גרם     </UnitOfMeasure><QtyInPackage>לא ידוע</QtyInPackage><UnitOfMeasurePrice>0.0971</UnitOfMeasurePrice><AllowDiscount>1</AllowDiscount><ItemStatus>1</ItemStatus><ItemPrice>3.30</ItemPrice></item><item><PriceUpdateDate>2015-12-28 12:23:21</PriceUpdateDate><ItemCode>7290106663244</ItemCode><ItemType>1</ItemType><ItemName>חציל זעלוק 400 גרם</ItemName><ManufacturerName>אחלה</ManufacturerName><ManufactureCountry>ישראל</ManufactureCountry><ManufacturerItemDescription>חציל עם שמן זית ומלח-ים 4</ManufacturerItemDescription><SoldByWeight/><Quantity>400.00</Quantity><UnitOfMeasure>גרם     </UnitOfMeasure><QtyInPackage>לא ידוע</QtyInPackage><UnitOfMeasurePrice>0.0445</UnitOfMeasurePrice><AllowDiscount>1</AllowDiscount><ItemStatus>1</ItemStatus><ItemPrice>17.80</ItemPrice></item><item><PriceUpdateDate>2016-02-02 05:51:39</PriceUpdateDate><ItemCode>7290106664067</ItemCode><ItemType>1</ItemType><ItemName>לאבנה שמן זית וזעתר</ItemName><ManufacturerName>שטראוס</ManufacturerName><ManufactureCountry>ישראל</ManufactureCountry><ManufacturerItemDescription>לאבנה שמן זית וזעתר</ManufacturerItemDescription><SoldByWeight/><Quantity>400.00</Quantity><UnitOfMeasure>גרם     </UnitOfMeasure><QtyInPackage>לא ידוע</QtyInPackage><UnitOfMeasurePrice>0.0373</UnitOfMeasurePrice><AllowDiscount>1</AllowDiscount><ItemStatus>1</ItemStatus><ItemPrice>14.90</ItemPrice></item><item><PriceUpdateDate>2016-03-24 07:05:53</PriceUpdateDate><ItemCode>7290106664548</ItemCode><ItemType>1</ItemType><ItemName>רוטב שמנת עם 4 גבינו</ItemName><ManufacturerName>יטבתה</ManufacturerName><ManufactureCountry>ישראל</ManufactureCountry><ManufacturerItemDescription>רוטב שמנת עם 4 גבינות</ManufacturerItemDescription><SoldByWeight/><Quantity>250.00</Quantity><UnitOfMeasure>מ"ל</UnitOfMeasure><QtyInPackage>לא ידוע</QtyInPackage><UnitOfMeasurePrice>0.0476</UnitOfMeasurePrice><AllowDiscount>1</AllowDiscount><ItemStatus>1</ItemStatus><ItemPrice>11.90</ItemPrice></item><item><PriceUpdateDate>2016-03-24 07:05:53</PriceUpdateDate><ItemCode>7290106664555</ItemCode><ItemType>1</ItemType><ItemName>רוטב רוזה שמנת עם עג</ItemName><ManufacturerName>יטבתה</ManufacturerName><ManufactureCountry>ישראל</ManufactureCountry><ManufacturerItemDescription>רוטב שמנת עם פטריות 250 9</ManufacturerItemDescription><SoldByWeight/><Quantity>250.00</Quantity><UnitOfMeasure>מ"ל</UnitOfMeasure><QtyInPackage>לא ידוע</QtyInPackage><UnitOfMeasurePrice>0.0476</UnitOfMeasurePrice><AllowDiscount>1</AllowDiscount><ItemStatus>1</ItemStatus><ItemPrice>11.90</ItemPrice></item><item><PriceUpdateDate>2016-03-24 07:05:53</PriceUpdateDate><ItemCode>7290106664562</ItemCode><ItemType>1</ItemType><ItemName>רוטב שמנת עם פטריות</ItemName><ManufacturerName>יטבתה</ManufacturerName><ManufactureCountry>ישראל</ManufactureCountry><ManufacturerItemDescription>רוטב שמנת עם פטריות 250 9</ManufacturerItemDescription><SoldByWeight/><Quantity>250.00</Quantity><UnitOfMeasure>מ"ל</UnitOfMeasure><QtyInPackage>לא ידוע</QtyInPackage><UnitOfMeasurePrice>0.0476</UnitOfMeasurePrice><AllowDiscount>1</AllowDiscount><ItemStatus>1</ItemStatus><ItemPrice>11.90</ItemPrice></item><item><PriceUpdateDate>2016-05-01 12:10:09</PriceUpdateDate><ItemCode>7290106665507</ItemCode><ItemType>1</ItemType><ItemName>שקית מיקס מיני טעמי</ItemName><ManufacturerName>עלית</ManufacturerName><ManufactureCountry>ישראל</ManufactureCountry><ManufacturerItemDescription>מיקס טעמי מקופלת כשלפ 175</ManufacturerItemDescription><SoldByWeight/><Quantity>175.00</Quantity><UnitOfMeasure>גרם     </UnitOfMeasure><QtyInPackage>לא ידוע</QtyInPackage><UnitOfMeasurePrice>0.0697</UnitOfMeasurePrice><AllowDiscount>1</AllowDiscount><ItemStatus>1</ItemStatus><ItemPrice>12.20</ItemPrice></item><item><PriceUpdateDate>2016-03-01 06:45:24</PriceUpdateDate><ItemCode>7290106669314</ItemCode><ItemType>1</ItemType><ItemName>סימפוניה 5% זכרונות</ItemName><ManufacturerName>סימפוניה שטראוס</ManufacturerName><ManufactureCountry>ישראל</ManufactureCountry><ManufacturerItemDescription>סימפוניה 5% זכרונות</ManufacturerItemDescription><SoldByWeight/><Quantity>200.00</Quantity><UnitOfMeasure>גרם     </UnitOfMeasure><QtyInPackage>לא ידוע</QtyInPackage><UnitOfMeasurePrice>0.0595</UnitOfMeasurePrice><AllowDiscount>0</AllowDiscount><ItemStatus>1</ItemStatus><ItemPrice>11.90</ItemPrice></item><item><PriceUpdateDate>2015-10-11 14:22:51</PriceUpdateDate><ItemCode>7290106721333</ItemCode><ItemType>1</ItemType><ItemName>חטיף דוריטוס חמוץ מת</ItemName><ManufacturerName>דוריטוס</ManufacturerName><ManufactureCountry>ישראל</ManufactureCountry><ManufacturerItemDescription>דוריטוס חמוץ מתוק 55 גרם</ManufacturerItemDescription><SoldByWeight/><Quantity>55.00</Quantity><UnitOfMeasure>גרם     </UnitOfMeasure><QtyInPackage>לא ידוע</QtyInPackage><UnitOfMeasurePrice>0.0655</UnitOfMeasurePrice><AllowDiscount>1</AllowDiscount><ItemStatus>1</ItemStatus><ItemPrice>3.60</ItemPrice></item><item><PriceUpdateDate>2015-11-13 10:56:36</PriceUpdateDate><ItemCode>7290106722194</ItemCode><ItemType>1</ItemType><ItemName>שוקולד פרה בטעם אלפח</ItemName><ManufacturerName>עלית</ManufacturerName><ManufactureCountry>ישראל</ManufactureCountry><ManufacturerItemDescription>שוקולד פרה בטעם טורטית100</ManufacturerItemDescription><SoldByWeight/><Quantity>100.00</Quantity><UnitOfMeasure>גרם     </UnitOfMeasure><QtyInPackage>לא ידוע</QtyInPackage><UnitOfMeasurePrice>0.0690</UnitOfMeasurePrice><AllowDiscount>1</AllowDiscount><ItemStatus>1</ItemStatus><ItemPrice>6.90</ItemPrice></item><item><PriceUpdateDate>2015-12-03 06:56:34</PriceUpdateDate><ItemCode>7290106725430</ItemCode><ItemType>1</ItemType><ItemName>מסטיק מאסט צנצנת קוב</ItemName><ManufacturerName>מאסט</ManufacturerName><ManufactureCountry>לא ידוע</ManufactureCountry><ManufacturerItemDescription>מסטיק מאסט צנצנת קוב</ManufacturerItemDescription><SoldByWeight/><Quantity>66.00</Quantity><UnitOfMeasure>גרם     </UnitOfMeasure><QtyInPackage>לא ידוע</QtyInPackage><UnitOfMeasurePrice>0.1803</UnitOfMeasurePrice><AllowDiscount>1</AllowDiscount><ItemStatus>1</ItemStatus><ItemPrice>11.90</ItemPrice></item><item><PriceUpdateDate>2016-01-18 07:07:15</PriceUpdateDate><ItemCode>7290106725867</ItemCode><ItemType>1</ItemType><ItemName>סירופ  מייפל טבעי 18</ItemName><ManufacturerName>לא ממותג</ManufacturerName><ManufactureCountry>לא ידוע</ManufactureCountry><ManufacturerItemDescription>סירופ  מייפל טבעי 18</ManufacturerItemDescription><SoldByWeight/><Quantity>189.00</Quantity><UnitOfMeasure>גרם     </UnitOfMeasure><QtyInPackage>לא ידוע</QtyInPackage><UnitOfMeasurePrice>0.1899</UnitOfMeasurePrice><AllowDiscount>1</AllowDiscount><ItemStatus>1</ItemStatus><ItemPrice>35.90</ItemPrice></item><item><PriceUpdateDate>2015-12-28 12:23:21</PriceUpdateDate><ItemCode>7290106726161</ItemCode><ItemType>1</ItemType><ItemName>דנונה פרו אפרסק 2.4%</ItemName><ManufacturerName>דנונה</ManufacturerName><ManufactureCountry>ישראל</ManufactureCountry><ManufacturerItemDescription>דנונה פרי בתחתית תות 145</ManufacturerItemDescription><SoldByWeight/><Quantity>150.00</Quantity><UnitOfMeasure>גרם     </UnitOfMeasure><QtyInPackage>לא ידוע</QtyInPackage><UnitOfMeasurePrice>0.0333</UnitOfMeasurePrice><AllowDiscount>1</AllowDiscount><ItemStatus>1</ItemStatus><ItemPrice>5.00</ItemPrice></item><item><PriceUpdateDate>2015-12-28 12:23:21</PriceUpdateDate><ItemCode>7290106726178</ItemCode><ItemType>1</ItemType><ItemName>דנונה פרו פירות יער</ItemName><ManufacturerName>דנונה</ManufacturerName><ManufactureCountry>ישראל</ManufactureCountry><ManufacturerItemDescription>דנונה פרי בתחתית תות 145</ManufacturerItemDescription><SoldByWeight/><Quantity>150.00</Quantity><UnitOfMeasure>גרם     </UnitOfMeasure><QtyInPackage>לא ידוע</QtyInPackage><UnitOfMeasurePrice>0.0333</UnitOfMeasurePrice><AllowDiscount>1</AllowDiscount><ItemStatus>1</ItemStatus><ItemPrice>5.00</ItemPrice></item><item><PriceUpdateDate>2015-12-28 12:23:21</PriceUpdateDate><ItemCode>7290106727045</ItemCode><ItemType>1</ItemType><ItemName>דנונה פרו אננס 2.4%</ItemName><ManufacturerName>דנונה</ManufacturerName><ManufactureCountry>ישראל</ManufactureCountry><ManufacturerItemDescription>דנונה פרי בתחתית תות 145</ManufacturerItemDescription><SoldByWeight/><Quantity>150.00</Quantity><UnitOfMeasure>גרם     </UnitOfMeasure><QtyInPackage>לא ידוע</QtyInPackage><UnitOfMeasurePrice>0.0333</UnitOfMeasurePrice><AllowDiscount>1</AllowDiscount><ItemStatus>1</ItemStatus><ItemPrice>5.00</ItemPrice></item><item><PriceUpdateDate>2015-12-28 12:23:21</PriceUpdateDate><ItemCode>7290106728127</ItemCode><ItemType>1</ItemType><ItemName>חלב טבעי 3.6% בבקבוק</ItemName><ManufacturerName>יטבתה</ManufacturerName><ManufactureCountry>ישראל</ManufactureCountry><ManufacturerItemDescription>חלב 3% יטבתה עשיר בסידן 1</ManufacturerItemDescription><SoldByWeight/><Quantity>1000.00</Quantity><UnitOfMeasure>מ"ל</UnitOfMeasure><QtyInPackage>לא ידוע</QtyInPackage><UnitOfMeasurePrice>0.0079</UnitOfMeasurePrice><AllowDiscount>1</AllowDiscount><ItemStatus>1</ItemStatus><ItemPrice>7.90</ItemPrice></item><item><PriceUpdateDate>2016-02-03 10:55:07</PriceUpdateDate><ItemCode>7290106728301</ItemCode><ItemType>1</ItemType><ItemName>מעדן דני בננה 125 גר</ItemName><ManufacturerName>דני</ManufacturerName><ManufactureCountry>ישראל</ManufactureCountry><ManufacturerItemDescription>דני וניל125 גר</ManufacturerItemDescription><SoldByWeight/><Quantity>125.00</Quantity><UnitOfMeasure>גרם     </UnitOfMeasure><QtyInPackage>לא ידוע</QtyInPackage><UnitOfMeasurePrice>0.0216</UnitOfMeasurePrice><AllowDiscount>1</AllowDiscount><ItemStatus>1</ItemStatus><ItemPrice>2.70</ItemPrice></item><item><PriceUpdateDate>2016-02-03 10:55:07</PriceUpdateDate><ItemCode>7290106728721</ItemCode><ItemType>1</ItemType><ItemName>מעדן מילקי שוקולד אג</ItemName><ManufacturerName>מילקי</ManufacturerName><ManufactureCountry>ישראל</ManufactureCountry><ManufacturerItemDescription>מילקי שוקו170 גר</ManufacturerItemDescription><SoldByWeight/><Quantity>170.00</Quantity><UnitOfMeasure>מ"ל</UnitOfMeasure><QtyInPackage>לא ידוע</QtyInPackage><UnitOfMeasurePrice>0.0165</UnitOfMeasurePrice><AllowDiscount>1</AllowDiscount><ItemStatus>1</ItemStatus><ItemPrice>2.80</ItemPrice></item><item><PriceUpdateDate>2016-02-24 06:44:53</PriceUpdateDate><ItemCode>7290106729353</ItemCode><ItemType>1</ItemType><ItemName>קרטונטה שוקו יטבתה 2</ItemName><ManufacturerName>יטבתה</ManufacturerName><ManufactureCountry>ישראל</ManufactureCountry><ManufacturerItemDescription>שוקו יוטבתה1 ל.בקבוק</ManufacturerItemDescription><SoldByWeight/><Quantity>2000.00</Quantity><UnitOfMeasure>מ"ל</UnitOfMeasure><QtyInPackage>לא ידוע</QtyInPackage><UnitOfMeasurePrice>0.0099</UnitOfMeasurePrice><AllowDiscount>1</AllowDiscount><ItemStatus>1</ItemStatus><ItemPrice>19.90</ItemPrice></item><item><PriceUpdateDate>2016-02-02 05:56:37</PriceUpdateDate><ItemCode>7290107280723</ItemCode><ItemType>1</ItemType><ItemName>מב נוזל כלים סנו ספא</ItemName><ManufacturerName>ספארק</ManufacturerName><ManufactureCountry>ישראל</ManufactureCountry><ManufacturerItemDescription>מב נוזל כלים סנו ספא</ManufacturerItemDescription><SoldByWeight/><Quantity>700.00</Quantity><UnitOfMeasure>מ"ל</UnitOfMeasure><QtyInPackage>לא ידוע</QtyInPackage><UnitOfMeasurePrice>0.0113</UnitOfMeasurePrice><AllowDiscount>1</AllowDiscount><ItemStatus>1</ItemStatus><ItemPrice>7.90</ItemPrice></item><item><PriceUpdateDate>2016-02-02 05:56:37</PriceUpdateDate><ItemCode>7290107280730</ItemCode><ItemType>1</ItemType><ItemName>מב נוזל כלים סנו ספא</ItemName><ManufacturerName>ספארק</ManufacturerName><ManufactureCountry>ישראל</ManufactureCountry><ManufacturerItemDescription>מב נוזל כלים סנו ספא</ManufacturerItemDescription><SoldByWeight/><Quantity>700.00</Quantity><UnitOfMeasure>מ"ל</UnitOfMeasure><QtyInPackage>לא ידוע</QtyInPackage><UnitOfMeasurePrice>0.0113</UnitOfMeasurePrice><AllowDiscount>1</AllowDiscount><ItemStatus>1</ItemStatus><ItemPrice>7.90</ItemPrice></item><item><PriceUpdateDate>2016-05-01 12:10:12</PriceUpdateDate><ItemCode>7290107280815</ItemCode><ItemType>1</ItemType><ItemName>מב סנו ק 301 ספריי 3</ItemName><ManufacturerName>K-301</ManufacturerName><ManufactureCountry>ישראל</ManufactureCountry><ManufacturerItemDescription>מב סנו ק 301 ספריי 3</ManufacturerItemDescription><SoldByWeight/><Quantity>300.00</Quantity><UnitOfMeasure>מ"ל</UnitOfMeasure><QtyInPackage>לא ידוע</QtyInPackage><UnitOfMeasurePrice>0.0333</UnitOfMeasurePrice><AllowDiscount>1</AllowDiscount><ItemStatus>1</ItemStatus><ItemPrice>10.00</ItemPrice></item><item><PriceUpdateDate>2016-04-07 07:57:18</PriceUpdateDate><ItemCode>7290107640473</ItemCode><ItemType>1</ItemType><ItemName>קורנפלקס אלופים 850</ItemName><ManufacturerName>לא ממותג</ManufacturerName><ManufactureCountry>ישראל</ManufactureCountry><ManufacturerItemDescription>קורנפלקס אלופים 850</ManufacturerItemDescription><SoldByWeight/><Quantity>850.00</Quantity><UnitOfMeasure>גרם     </UnitOfMeasure><QtyInPackage>לא ידוע</QtyInPackage><UnitOfMeasurePrice>0.0175</UnitOfMeasurePrice><AllowDiscount>0</AllowDiscount><ItemStatus>1</ItemStatus><ItemPrice>14.90</ItemPrice></item><item><PriceUpdateDate>2016-02-03 10:55:07</PriceUpdateDate><ItemCode>7290107641951</ItemCode><ItemType>1</ItemType><ItemName>חטיף פתית שוודי 70 ג</ItemName><ManufacturerName>תלמה</ManufacturerName><ManufactureCountry>לא ידוע</ManufactureCountry><ManufacturerItemDescription>חטיף פתית שוודי 70 ג</ManufacturerItemDescription><SoldByWeight/><Quantity>70.00</Quantity><UnitOfMeasure>גרם     </UnitOfMeasure><QtyInPackage>לא ידוע</QtyInPackage><UnitOfMeasurePrice>0.1071</UnitOfMeasurePrice><AllowDiscount>1</AllowDiscount><ItemStatus>1</ItemStatus><ItemPrice>7.50</ItemPrice></item><item><PriceUpdateDate>2016-02-04 06:54:59</PriceUpdateDate><ItemCode>7290107642415</ItemCode><ItemType>1</ItemType><ItemName>חטיף קליק קראנץ' קרם</ItemName><ManufacturerName>קליק ורד הגליל</ManufacturerName><ManufactureCountry>לא ידוע</ManufactureCountry><ManufacturerItemDescription>חטיף קליק קראנץ' קרם</ManufacturerItemDescription><SoldByWeight/><Quantity>35.00</Quantity><UnitOfMeasure>גרם     </UnitOfMeasure><QtyInPackage>לא ידוע</QtyInPackage><UnitOfMeasurePrice>0.1571</UnitOfMeasurePrice><AllowDiscount>1</AllowDiscount><ItemStatus>1</ItemStatus><ItemPrice>5.50</ItemPrice></item><item><PriceUpdateDate>2016-02-04 06:54:59</PriceUpdateDate><ItemCode>7290107642422</ItemCode><ItemType>1</ItemType><ItemName>חטיף קליק קראנץ' קרם</ItemName><ManufacturerName>קליק ורד הגליל</ManufacturerName><ManufactureCountry>לא ידוע</ManufactureCountry><ManufacturerItemDescription>חטיף קליק קראנץ' קרם</ManufacturerItemDescription><SoldByWeight/><Quantity>35.00</Quantity><UnitOfMeasure>גרם     </UnitOfMeasure><QtyInPackage>לא ידוע</QtyInPackage><UnitOfMeasurePrice>0.1571</UnitOfMeasurePrice><AllowDiscount>1</AllowDiscount><ItemStatus>1</ItemStatus><ItemPrice>5.50</ItemPrice></item><item><PriceUpdateDate>2016-02-04 06:54:59</PriceUpdateDate><ItemCode>7290107642439</ItemCode><ItemType>1</ItemType><ItemName>קליק אצבעות וניל שקד</ItemName><ManufacturerName>קליק ורד הגליל</ManufacturerName><ManufactureCountry>לא ידוע</ManufactureCountry><ManufacturerItemDescription>קליק אצבעות וניל שקד</ManufacturerItemDescription><SoldByWeight/><Quantity>40.00</Quantity><UnitOfMeasure>גרם     </UnitOfMeasure><QtyInPackage>לא ידוע</QtyInPackage><UnitOfMeasurePrice>0.1375</UnitOfMeasurePrice><AllowDiscount>1</AllowDiscount><ItemStatus>1</ItemStatus><ItemPrice>5.50</ItemPrice></item><item><PriceUpdateDate>2016-02-04 06:54:59</PriceUpdateDate><ItemCode>7290107642446</ItemCode><ItemType>1</ItemType><ItemName>קליק אצבעות בטעם קקא</ItemName><ManufacturerName>קליק ורד הגליל</ManufacturerName><ManufactureCountry>לא ידוע</ManufactureCountry><ManufacturerItemDescription>קליק אצבעות בטעם קקא</ManufacturerItemDescription><SoldByWeight/><Quantity>40.00</Quantity><UnitOfMeasure>גרם     </UnitOfMeasure><QtyInPackage>לא ידוע</QtyInPackage><UnitOfMeasurePrice>0.1375</UnitOfMeasurePrice><AllowDiscount>1</AllowDiscount><ItemStatus>1</ItemStatus><ItemPrice>5.50</ItemPrice></item><item><PriceUpdateDate>2016-04-26 14:35:48</PriceUpdateDate><ItemCode>7290107873437</ItemCode><ItemType>1</ItemType><ItemName>סלט צבר סביח 300 גרם</ItemName><ManufacturerName>צבר</ManufacturerName><ManufactureCountry>ישראל</ManufactureCountry><ManufacturerItemDescription>סביח 300 גר</ManufacturerItemDescription><SoldByWeight/><Quantity>320.00</Quantity><UnitOfMeasure>גרם     </UnitOfMeasure><QtyInPackage>לא ידוע</QtyInPackage><UnitOfMeasurePrice>0.0475</UnitOfMeasurePrice><AllowDiscount>1</AllowDiscount><ItemStatus>1</ItemStatus><ItemPrice>15.20</ItemPrice></item><item><PriceUpdateDate>2016-04-26 14:35:48</PriceUpdateDate><ItemCode>7290107876803</ItemCode><ItemType>1</ItemType><ItemName>זית חרוזית בית השיטה</ItemName><ManufacturerName>בית השיטה</ManufacturerName><ManufactureCountry>ישראל</ManufactureCountry><ManufacturerItemDescription>זית חרוזית בית השיטה 560</ManufacturerItemDescription><SoldByWeight/><Quantity>275.00</Quantity><UnitOfMeasure>גרם     </UnitOfMeasure><QtyInPackage>לא ידוע</QtyInPackage><UnitOfMeasurePrice>0.0324</UnitOfMeasurePrice><AllowDiscount>0</AllowDiscount><ItemStatus>1</ItemStatus><ItemPrice>8.90</ItemPrice></item><item><PriceUpdateDate>2016-04-26 14:35:48</PriceUpdateDate><ItemCode>7290107876827</ItemCode><ItemType>1</ItemType><ItemName>זית טבעות 280 גרם יר</ItemName><ManufacturerName>לא ממותג</ManufacturerName><ManufactureCountry>ישראל</ManufactureCountry><ManufacturerItemDescription>זית טבעות 280 גרם יר</ManufacturerItemDescription><SoldByWeight/><Quantity>280.00</Quantity><UnitOfMeasure>גרם     </UnitOfMeasure><QtyInPackage>לא ידוע</QtyInPackage><UnitOfMeasurePrice>0.0404</UnitOfMeasurePrice><AllowDiscount>1</AllowDiscount><ItemStatus>1</ItemStatus><ItemPrice>11.30</ItemPrice></item><item><PriceUpdateDate>2015-09-21 12:10:41</PriceUpdateDate><ItemCode>7290107877169</ItemCode><ItemType>1</ItemType><ItemName>חטיפי קרקר כפרי ללא</ItemName><ManufacturerName>אסם</ManufacturerName><ManufactureCountry>ישראל</ManufactureCountry><ManufacturerItemDescription>חטיפי קרקר כפרי ללא</ManufacturerItemDescription><SoldByWeight/><Quantity>150.00</Quantity><UnitOfMeasure>גרם     </UnitOfMeasure><QtyInPackage>לא ידוע</QtyInPackage><UnitOfMeasurePrice>0.0593</UnitOfMeasurePrice><AllowDiscount>1</AllowDiscount><ItemStatus>1</ItemStatus><ItemPrice>8.90</ItemPrice></item><item><PriceUpdateDate>2016-04-26 14:35:48</PriceUpdateDate><ItemCode>7290107878920</ItemCode><ItemType>1</ItemType><ItemName>קוקטייל זיתים 500 גר</ItemName><ManufacturerName>בית השיטה</ManufacturerName><ManufactureCountry>ישראל</ManufactureCountry><ManufacturerItemDescription>קוקטייל זיתים 500 גר</ManufacturerItemDescription><SoldByWeight/><Quantity>340.00</Quantity><UnitOfMeasure>גרם     </UnitOfMeasure><QtyInPackage>לא ידוע</QtyInPackage><UnitOfMeasurePrice>0.0379</UnitOfMeasurePrice><AllowDiscount>1</AllowDiscount><ItemStatus>1</ItemStatus><ItemPrice>12.90</ItemPrice></item><item><PriceUpdateDate>2015-12-24 06:35:57</PriceUpdateDate><ItemCode>7290107930963</ItemCode><ItemType>1</ItemType><ItemName>שוקולד פרה חלב אוריג</ItemName><ManufacturerName>פרה</ManufacturerName><ManufactureCountry>ישראל</ManufactureCountry><ManufacturerItemDescription>שוקולד פרה חלב שטוח 100 ג</ManufacturerItemDescription><SoldByWeight/><Quantity>100.00</Quantity><UnitOfMeasure>גרם     </UnitOfMeasure><QtyInPackage>לא ידוע</QtyInPackage><UnitOfMeasurePrice>0.0590</UnitOfMeasurePrice><AllowDiscount>0</AllowDiscount><ItemStatus>1</ItemStatus><ItemPrice>5.90</ItemPrice></item><item><PriceUpdateDate>2015-12-28 12:23:21</PriceUpdateDate><ItemCode>7290107932080</ItemCode><ItemType>1</ItemType><ItemName>חלב מועשר 3% בבקבוק</ItemName><ManufacturerName>יטבתה</ManufacturerName><ManufactureCountry>ישראל</ManufactureCountry><ManufacturerItemDescription>חלב 3% יטבתה עשיר בסידן 1</ManufacturerItemDescription><SoldByWeight/><Quantity>1000.00</Quantity><UnitOfMeasure>מ"ל</UnitOfMeasure><QtyInPackage>לא ידוע</QtyInPackage><UnitOfMeasurePrice>0.0079</UnitOfMeasurePrice><AllowDiscount>1</AllowDiscount><ItemStatus>1</ItemStatus><ItemPrice>7.90</ItemPrice></item><item><PriceUpdateDate>2015-12-28 12:23:21</PriceUpdateDate><ItemCode>7290107932127</ItemCode><ItemType>1</ItemType><ItemName>חלב מועשר 2% בבקבוק</ItemName><ManufacturerName>יטבתה</ManufacturerName><ManufactureCountry>ישראל</ManufactureCountry><ManufacturerItemDescription>חלב 3% יטבתה עשיר בסידן 1</ManufacturerItemDescription><SoldByWeight/><Quantity>1000.00</Quantity><UnitOfMeasure>מ"ל</UnitOfMeasure><QtyInPackage>לא ידוע</QtyInPackage><UnitOfMeasurePrice>0.0079</UnitOfMeasurePrice><AllowDiscount>1</AllowDiscount><ItemStatus>1</ItemStatus><ItemPrice>7.90</ItemPrice></item><item><PriceUpdateDate>2015-12-28 12:23:21</PriceUpdateDate><ItemCode>7290107932134</ItemCode><ItemType>1</ItemType><ItemName>חלב מועשר 1% בבקבוק</ItemName><ManufacturerName>יטבתה</ManufacturerName><ManufactureCountry>ישראל</ManufactureCountry><ManufacturerItemDescription>חלב 3% יטבתה עשיר בסידן 1</ManufacturerItemDescription><SoldByWeight/><Quantity>1000.00</Quantity><UnitOfMeasure>מ"ל</UnitOfMeasure><QtyInPackage>לא ידוע</QtyInPackage><UnitOfMeasurePrice>0.0079</UnitOfMeasurePrice><AllowDiscount>1</AllowDiscount><ItemStatus>1</ItemStatus><ItemPrice>7.90</ItemPrice></item><item><PriceUpdateDate>2016-01-14 06:59:42</PriceUpdateDate><ItemCode>7290107932264</ItemCode><ItemType>1</ItemType><ItemName>מסטיק בזוקה קוביות מ</ItemName><ManufacturerName>עלית</ManufacturerName><ManufactureCountry>ישראל</ManufactureCountry><ManufacturerItemDescription>בזוקה קוביות ללס</ManufacturerItemDescription><SoldByWeight/><Quantity>25.00</Quantity><UnitOfMeasure>גרם     </UnitOfMeasure><QtyInPackage>לא ידוע</QtyInPackage><UnitOfMeasurePrice>0.1960</UnitOfMeasurePrice><AllowDiscount>1</AllowDiscount><ItemStatus>1</ItemStatus><ItemPrice>4.90</ItemPrice></item><item><PriceUpdateDate>2015-12-28 12:23:21</PriceUpdateDate><ItemCode>7290107933315</ItemCode><ItemType>1</ItemType><ItemName>חלב דל לקטוז 2% בבקב</ItemName><ManufacturerName>יטבתה</ManufacturerName><ManufactureCountry>ישראל</ManufactureCountry><ManufacturerItemDescription>חלב 3% יטבתה עשיר בסידן 1</ManufacturerItemDescription><SoldByWeight/><Quantity>1000.00</Quantity><UnitOfMeasure>מ"ל</UnitOfMeasure><QtyInPackage>לא ידוע</QtyInPackage><UnitOfMeasurePrice>0.0079</UnitOfMeasurePrice><AllowDiscount>1</AllowDiscount><ItemStatus>1</ItemStatus><ItemPrice>7.90</ItemPrice></item><item><PriceUpdateDate>2015-11-17 19:34:15</PriceUpdateDate><ItemCode>7290107934367</ItemCode><ItemType>1</ItemType><ItemName>מארז מיוחד רביעיה אק</ItemName><ManufacturerName>אקטיביה</ManufacturerName><ManufactureCountry>ישראל</ManufactureCountry><ManufacturerItemDescription>מארז יוגורט אקטיביה</ManufacturerItemDescription><SoldByWeight/><Quantity>600.00</Quantity><UnitOfMeasure>גרם     </UnitOfMeasure><QtyInPackage>לא ידוע</QtyInPackage><UnitOfMeasurePrice>0.0198</UnitOfMeasurePrice><AllowDiscount>1</AllowDiscount><ItemStatus>1</ItemStatus><ItemPrice>11.90</ItemPrice></item><item><PriceUpdateDate>2015-11-17 19:34:15</PriceUpdateDate><ItemCode>7290107934473</ItemCode><ItemType>1</ItemType><ItemName>מארז מיוחד שמיניה אק</ItemName><ManufacturerName>אקטיביה</ManufacturerName><ManufactureCountry>ישראל</ManufactureCountry><ManufacturerItemDescription>מארז מיוחד שמיניה אק</ManufacturerItemDescription><SoldByWeight/><Quantity>1200.00</Quantity><UnitOfMeasure>גרם     </UnitOfMeasure><QtyInPackage>לא ידוע</QtyInPackage><UnitOfMeasurePrice>0.0182</UnitOfMeasurePrice><AllowDiscount>1</AllowDiscount><ItemStatus>1</ItemStatus><ItemPrice>21.90</ItemPrice></item><item><PriceUpdateDate>2015-11-17 19:34:15</PriceUpdateDate><ItemCode>7290107934480</ItemCode><ItemType>1</ItemType><ItemName>מארז מיוחד שמיניה אק</ItemName><ManufacturerName>אקטיביה</ManufacturerName><ManufactureCountry>ישראל</ManufactureCountry><ManufacturerItemDescription>מארז מיוחד שמיניה אק</ManufacturerItemDescription><SoldByWeight/><Quantity>1200.00</Quantity><UnitOfMeasure>גרם     </UnitOfMeasure><QtyInPackage>לא ידוע</QtyInPackage><UnitOfMeasurePrice>0.0182</UnitOfMeasurePrice><AllowDiscount>1</AllowDiscount><ItemStatus>1</ItemStatus><ItemPrice>21.90</ItemPrice></item><item><PriceUpdateDate>2015-11-17 19:34:15</PriceUpdateDate><ItemCode>7290107934497</ItemCode><ItemType>1</ItemType><ItemName>מארז מיוחד רביעיה אק</ItemName><ManufacturerName>אקטיביה</ManufacturerName><ManufactureCountry>ישראל</ManufactureCountry><ManufacturerItemDescription>מארז יוגורט אקטיביה</ManufacturerItemDescription><SoldByWeight/><Quantity>600.00</Quantity><UnitOfMeasure>גרם     </UnitOfMeasure><QtyInPackage>לא ידוע</QtyInPackage><UnitOfMeasurePrice>0.0198</UnitOfMeasurePrice><AllowDiscount>1</AllowDiscount><ItemStatus>1</ItemStatus><ItemPrice>11.90</ItemPrice></item><item><PriceUpdateDate>2015-11-17 19:34:15</PriceUpdateDate><ItemCode>7290107934503</ItemCode><ItemType>1</ItemType><ItemName>מארז מיוחד רביעיה אק</ItemName><ManufacturerName>אקטיביה</ManufacturerName><ManufactureCountry>ישראל</ManufactureCountry><ManufacturerItemDescription>מארז יוגורט אקטיביה</ManufacturerItemDescription><SoldByWeight/><Quantity>600.00</Quantity><UnitOfMeasure>גרם     </UnitOfMeasure><QtyInPackage>לא ידוע</QtyInPackage><UnitOfMeasurePrice>0.0198</UnitOfMeasurePrice><AllowDiscount>1</AllowDiscount><ItemStatus>1</ItemStatus><ItemPrice>11.90</ItemPrice></item><item><PriceUpdateDate>2016-02-24 06:44:53</PriceUpdateDate><ItemCode>7290107936316</ItemCode><ItemType>1</ItemType><ItemName>שוקו בשקית מארז 8*22</ItemName><ManufacturerName>יטבתה</ManufacturerName><ManufactureCountry>ישראל</ManufactureCountry><ManufacturerItemDescription>מארז שוקו יוטבתה שמיניה</ManufacturerItemDescription><SoldByWeight/><Quantity>1800.00</Quantity><UnitOfMeasure>מ"ל</UnitOfMeasure><QtyInPackage>לא ידוע</QtyInPackage><UnitOfMeasurePrice>0.0094</UnitOfMeasurePrice><AllowDiscount>1</AllowDiscount><ItemStatus>1</ItemStatus><ItemPrice>16.90</ItemPrice></item><item><PriceUpdateDate>2016-03-01 07:13:50</PriceUpdateDate><ItemCode>7290108200232</ItemCode><ItemType>1</ItemType><ItemName>מב וניש קליה גולד אב</ItemName><ManufacturerName>קליה</ManufacturerName><ManufactureCountry>איטליה</ManufactureCountry><ManufacturerItemDescription>מב וניש קליה גולד אב</ManufacturerItemDescription><SoldByWeight/><Quantity>470.00</Quantity><UnitOfMeasure>גרם     </UnitOfMeasure><QtyInPackage>לא ידוע</QtyInPackage><UnitOfMeasurePrice>0.0317</UnitOfMeasurePrice><AllowDiscount>1</AllowDiscount><ItemStatus>1</ItemStatus><ItemPrice>14.90</ItemPrice></item><item><PriceUpdateDate>2016-05-01 12:10:22</PriceUpdateDate><ItemCode>7290108350128</ItemCode><ItemType>1</ItemType><ItemName>סנו סושי שקיות אשפה</ItemName><ManufacturerName>סנו סושי</ManufacturerName><ManufactureCountry>לא ידוע</ManufactureCountry><ManufacturerItemDescription>סנו סושי שקיות אשפה</ManufacturerItemDescription><SoldByWeight/><Quantity>40.00</Quantity><UnitOfMeasure>בודד</UnitOfMeasure><QtyInPackage>לא ידוע</QtyInPackage><UnitOfMeasurePrice>0.7475</UnitOfMeasurePrice><AllowDiscount>1</AllowDiscount><ItemStatus>1</ItemStatus><ItemPrice>29.90</ItemPrice></item><item><PriceUpdateDate>2016-03-29 07:28:56</PriceUpdateDate><ItemCode>7290108351101</ItemCode><ItemType>1</ItemType><ItemName>מב סנו פוליויקס לניק</ItemName><ManufacturerName>סנו פוליויקס</ManufacturerName><ManufactureCountry>ישראל</ManufactureCountry><ManufacturerItemDescription>לרצפה פוליויקס פרקט 2 ל</ManufacturerItemDescription><SoldByWeight/><Quantity>3000.00</Quantity><UnitOfMeasure>מ"ל</UnitOfMeasure><QtyInPackage>לא ידוע</QtyInPackage><UnitOfMeasurePrice>0.0100</UnitOfMeasurePrice><AllowDiscount>1</AllowDiscount><ItemStatus>1</ItemStatus><ItemPrice>30.00</ItemPrice></item><item><PriceUpdateDate>2016-03-01 07:13:50</PriceUpdateDate><ItemCode>7290108621006</ItemCode><ItemType>1</ItemType><ItemName>מב תירוש ענבים טבעי</ItemName><ManufacturerName>לא ממותג</ManufacturerName><ManufactureCountry>לא ידוע</ManufactureCountry><ManufacturerItemDescription>מב תירוש ענבים טבעי</ManufacturerItemDescription><SoldByWeight/><Quantity>1000.00</Quantity><UnitOfMeasure>מ"ל</UnitOfMeasure><QtyInPackage>לא ידוע</QtyInPackage><UnitOfMeasurePrice>0.0159</UnitOfMeasurePrice><AllowDiscount>1</AllowDiscount><ItemStatus>1</ItemStatus><ItemPrice>15.90</ItemPrice></item><item><PriceUpdateDate>2016-05-03 07:12:16</PriceUpdateDate><ItemCode>7290109350349</ItemCode><ItemType>1</ItemType><ItemName>ערגליות תמרים 300 גר</ItemName><ManufacturerName>אסם</ManufacturerName><ManufactureCountry>ישראל</ManufactureCountry><ManufacturerItemDescription>קינוחי כוסות שוקולד בלגי</ManufacturerItemDescription><SoldByWeight/><Quantity>300.00</Quantity><UnitOfMeasure>גרם     </UnitOfMeasure><QtyInPackage>לא ידוע</QtyInPackage><UnitOfMeasurePrice>0.0363</UnitOfMeasurePrice><AllowDiscount>1</AllowDiscount><ItemStatus>1</ItemStatus><ItemPrice>10.90</ItemPrice></item><item><PriceUpdateDate>2016-03-29 07:11:20</PriceUpdateDate><ItemCode>7290109351025</ItemCode><ItemType>1</ItemType><ItemName>צבר מלך החומוס חומוס</ItemName><ManufacturerName>צבר</ManufacturerName><ManufactureCountry>לא ידוע</ManufactureCountry><ManufacturerItemDescription>צבר מלך החומוס חומוס</ManufacturerItemDescription><SoldByWeight/><Quantity>400.00</Quantity><UnitOfMeasure>גרם     </UnitOfMeasure><QtyInPackage>לא ידוע</QtyInPackage><UnitOfMeasurePrice>0.0422</UnitOfMeasurePrice><AllowDiscount>1</AllowDiscount><ItemStatus>1</ItemStatus><ItemPrice>16.90</ItemPrice></item><item><PriceUpdateDate>2015-07-30 06:21:43</PriceUpdateDate><ItemCode>7291067251913</ItemCode><ItemType>1</ItemType><ItemName>מסטיק מאסט צנצנת ריח</ItemName><ManufacturerName>מאסט</ManufacturerName><ManufactureCountry>לא ידוע</ManufactureCountry><ManufacturerItemDescription>מסטיק מאסט צנצנת ריח</ManufacturerItemDescription><SoldByWeight/><Quantity>66.00</Quantity><UnitOfMeasure>גרם     </UnitOfMeasure><QtyInPackage>לא ידוע</QtyInPackage><UnitOfMeasurePrice>0.1500</UnitOfMeasurePrice><AllowDiscount>1</AllowDiscount><ItemStatus>1</ItemStatus><ItemPrice>9.90</ItemPrice></item><item><PriceUpdateDate>2015-10-15 12:36:53</PriceUpdateDate><ItemCode>72917329</ItemCode><ItemType>1</ItemType><ItemName>חטיף אגוזי בודד 45 ג</ItemName><ManufacturerName>אגוזי</ManufacturerName><ManufactureCountry>ישראל</ManufactureCountry><ManufacturerItemDescription>חטיף אגוזי 45 גר</ManufacturerItemDescription><SoldByWeight/><Quantity>45.00</Quantity><UnitOfMeasure>גרם     </UnitOfMeasure><QtyInPackage>לא ידוע</QtyInPackage><UnitOfMeasurePrice>0.1111</UnitOfMeasurePrice><AllowDiscount>1</AllowDiscount><ItemStatus>1</ItemStatus><ItemPrice>5.00</ItemPrice></item><item><PriceUpdateDate>2015-10-15 12:36:53</PriceUpdateDate><ItemCode>72917367</ItemCode><ItemType>1</ItemType><ItemName>חטיף טעמי בודד 40 גר</ItemName><ManufacturerName>טעמי</ManufacturerName><ManufactureCountry>ישראל</ManufactureCountry><ManufacturerItemDescription>חטיף טעמי 40 גרם</ManufacturerItemDescription><SoldByWeight/><Quantity>40.00</Quantity><UnitOfMeasure>גרם     </UnitOfMeasure><QtyInPackage>לא ידוע</QtyInPackage><UnitOfMeasurePrice>0.1250</UnitOfMeasurePrice><AllowDiscount>1</AllowDiscount><ItemStatus>1</ItemStatus><ItemPrice>5.00</ItemPrice></item><item><PriceUpdateDate>2015-10-15 12:36:53</PriceUpdateDate><ItemCode>72917589</ItemCode><ItemType>1</ItemType><ItemName>שוקולד מקופלת חלב 25</ItemName><ManufacturerName>מקופלת</ManufacturerName><ManufactureCountry>ישראל</ManufactureCountry><ManufacturerItemDescription>חטיף שוק.מקופלת 25 גר</ManufacturerItemDescription><SoldByWeight/><Quantity>25.00</Quantity><UnitOfMeasure>גרם     </UnitOfMeasure><QtyInPackage>לא ידוע</QtyInPackage><UnitOfMeasurePrice>0.2000</UnitOfMeasurePrice><AllowDiscount>1</AllowDiscount><ItemStatus>1</ItemStatus><ItemPrice>5.00</ItemPrice></item><item><PriceUpdateDate>2015-10-15 12:36:53</PriceUpdateDate><ItemCode>72917893</ItemCode><ItemType>1</ItemType><ItemName>פסק זמן חלב קלאסי 45</ItemName><ManufacturerName>עלית</ManufacturerName><ManufactureCountry>ישראל</ManufactureCountry><ManufacturerItemDescription>חטיף פסק זמן חלב45 גר</ManufacturerItemDescription><SoldByWeight/><Quantity>45.00</Quantity><UnitOfMeasure>גרם     </UnitOfMeasure><QtyInPackage>לא ידוע</QtyInPackage><UnitOfMeasurePrice>0.1356</UnitOfMeasurePrice><AllowDiscount>1</AllowDiscount><ItemStatus>1</ItemStatus><ItemPrice>6.10</ItemPrice></item><item><PriceUpdateDate>2015-09-30 23:47:40</PriceUpdateDate><ItemCode>72940754</ItemCode><ItemType>1</ItemType><ItemName>מעדן מילקי וניל 170</ItemName><ManufacturerName>מילקי</ManufacturerName><ManufactureCountry>ישראל</ManufactureCountry><ManufacturerItemDescription>מילקי וניל170 מל</ManufacturerItemDescription><SoldByWeight/><Quantity>170.00</Quantity><UnitOfMeasure>מ"ל</UnitOfMeasure><QtyInPackage>לא ידוע</QtyInPackage><UnitOfMeasurePrice>0.0165</UnitOfMeasurePrice><AllowDiscount>1</AllowDiscount><ItemStatus>1</ItemStatus><ItemPrice>2.80</ItemPrice></item><item><PriceUpdateDate>2015-09-30 23:47:40</PriceUpdateDate><ItemCode>72940761</ItemCode><ItemType>1</ItemType><ItemName>מעדן מילקי שוקו 170</ItemName><ManufacturerName>מילקי</ManufacturerName><ManufactureCountry>ישראל</ManufactureCountry><ManufacturerItemDescription>מילקי שוקו170 גר</ManufacturerItemDescription><SoldByWeight/><Quantity>170.00</Quantity><UnitOfMeasure>מ"ל</UnitOfMeasure><QtyInPackage>לא ידוע</QtyInPackage><UnitOfMeasurePrice>0.0165</UnitOfMeasurePrice><AllowDiscount>1</AllowDiscount><ItemStatus>1</ItemStatus><ItemPrice>2.80</ItemPrice></item><item><PriceUpdateDate>2015-10-22 08:37:08</PriceUpdateDate><ItemCode>72941041</ItemCode><ItemType>1</ItemType><ItemName>מיני מילקי שוקולד 70</ItemName><ManufacturerName>מילקי</ManufacturerName><ManufactureCountry>ישראל</ManufactureCountry><ManufacturerItemDescription>מיני מילקי שוקולד 70</ManufacturerItemDescription><SoldByWeight/><Quantity>70.00</Quantity><UnitOfMeasure>גרם     </UnitOfMeasure><QtyInPackage>לא ידוע</QtyInPackage><UnitOfMeasurePrice>0.0314</UnitOfMeasurePrice><AllowDiscount>1</AllowDiscount><ItemStatus>1</ItemStatus><ItemPrice>2.20</ItemPrice></item><item><PriceUpdateDate>2015-11-15 20:35:54</PriceUpdateDate><ItemCode>7296058000366</ItemCode><ItemType>1</ItemType><ItemName>פריכיות דקות אורז מל</ItemName><ManufacturerName>פרח תעשיות מזון</ManufacturerName><ManufactureCountry>ישראל</ManufactureCountry><ManufacturerItemDescription>פריכיות אורז דקות ללא מלח</ManufacturerItemDescription><SoldByWeight/><Quantity>100.00</Quantity><UnitOfMeasure>גרם     </UnitOfMeasure><QtyInPackage>לא ידוע</QtyInPackage><UnitOfMeasurePrice>0.0930</UnitOfMeasurePrice><AllowDiscount>1</AllowDiscount><ItemStatus>1</ItemStatus><ItemPrice>9.30</ItemPrice></item><item><PriceUpdateDate>2015-11-15 20:35:54</PriceUpdateDate><ItemCode>7296058000373</ItemCode><ItemType>1</ItemType><ItemName>פריכיות אורז דקות 10</ItemName><ManufacturerName>פרח תעשיות מזון</ManufacturerName><ManufactureCountry>ישראל</ManufactureCountry><ManufacturerItemDescription>פריכיות אורז דקות 10</ManufacturerItemDescription><SoldByWeight/><Quantity>100.00</Quantity><UnitOfMeasure>גרם     </UnitOfMeasure><QtyInPackage>לא ידוע</QtyInPackage><UnitOfMeasurePrice>0.0930</UnitOfMeasurePrice><AllowDiscount>1</AllowDiscount><ItemStatus>1</ItemStatus><ItemPrice>9.30</ItemPrice></item><item><PriceUpdateDate>2015-10-14 11:43:54</PriceUpdateDate><ItemCode>7296082000035</ItemCode><ItemType>1</ItemType><ItemName>ביצה פלוס אריזת שש ב</ItemName><ManufacturerName>רמות השבים</ManufacturerName><ManufactureCountry>ישראל</ManufactureCountry><ManufacturerItemDescription>ביצה פלוס אריזת שש ב</ManufacturerItemDescription><SoldByWeight/><Quantity>0.00</Quantity><UnitOfMeasure>בודד</UnitOfMeasure><QtyInPackage>לא ידוע</QtyInPackage><UnitOfMeasurePrice>0.0000</UnitOfMeasurePrice><AllowDiscount>1</AllowDiscount><ItemStatus>1</ItemStatus><ItemPrice>14.90</ItemPrice></item><item><PriceUpdateDate>2015-10-14 11:43:54</PriceUpdateDate><ItemCode>7296082000080</ItemCode><ItemType>1</ItemType><ItemName>ביצים 12 יחידות ביצי</ItemName><ManufacturerName>רמות השבים</ManufacturerName><ManufactureCountry>ישראל</ManufactureCountry><ManufacturerItemDescription>ביצים 12 יחידות ביצי</ManufacturerItemDescription><SoldByWeight/><Quantity>12.00</Quantity><UnitOfMeasure>בודד</UnitOfMeasure><QtyInPackage>לא ידוע</QtyInPackage><UnitOfMeasurePrice>2.3333</UnitOfMeasurePrice><AllowDiscount>1</AllowDiscount><ItemStatus>1</ItemStatus><ItemPrice>28.00</ItemPrice></item><item><PriceUpdateDate>2016-02-11 11:03:30</PriceUpdateDate><ItemCode>7296082000134</ItemCode><ItemType>1</ItemType><ItemName>ביצים 12 יחידות גודל</ItemName><ManufacturerName>רמות השבים</ManufacturerName><ManufactureCountry>ישראל</ManufactureCountry><ManufacturerItemDescription>ביצים 12 יחידות גודל</ManufacturerItemDescription><SoldByWeight/><Quantity>14.00</Quantity><UnitOfMeasure>בודד</UnitOfMeasure><QtyInPackage>לא ידוע</QtyInPackage><UnitOfMeasurePrice>0.8179</UnitOfMeasurePrice><AllowDiscount>1</AllowDiscount><ItemStatus>1</ItemStatus><ItemPrice>11.45</ItemPrice></item><item><PriceUpdateDate>2016-02-11 11:03:30</PriceUpdateDate><ItemCode>7296082000141</ItemCode><ItemType>1</ItemType><ItemName>ביצים 12 יחידות גודל</ItemName><ManufacturerName>רמות השבים</ManufacturerName><ManufactureCountry>ישראל</ManufactureCountry><ManufacturerItemDescription>ביצים 12 יחידות גודל</ManufacturerItemDescription><SoldByWeight/><Quantity>12.00</Quantity><UnitOfMeasure>בודד</UnitOfMeasure><QtyInPackage>לא ידוע</QtyInPackage><UnitOfMeasurePrice>0.8792</UnitOfMeasurePrice><AllowDiscount>1</AllowDiscount><ItemStatus>1</ItemStatus><ItemPrice>10.55</ItemPrice></item><item><PriceUpdateDate>2014-12-01 06:28:40</PriceUpdateDate><ItemCode>7296101035505</ItemCode><ItemType>1</ItemType><ItemName>ת.תק שחור/12יח'</ItemName><ManufacturerName>עידן</ManufacturerName><ManufactureCountry>ישראל</ManufactureCountry><ManufacturerItemDescription>ת.תק שחור/12יח'</ManufacturerItemDescription><SoldByWeight/><Quantity>0.00</Quantity><UnitOfMeasure>יח'</UnitOfMeasure><QtyInPackage>לא ידוע</QtyInPackage><UnitOfMeasurePrice>0.0000</UnitOfMeasurePrice><AllowDiscount>1</AllowDiscount><ItemStatus>1</ItemStatus><ItemPrice>9.00</ItemPrice></item><item><PriceUpdateDate>2014-12-01 06:28:41</PriceUpdateDate><ItemCode>7296101049410</ItemCode><ItemType>1</ItemType><ItemName>מסרק "9 צבעוני/שחור</ItemName><ManufacturerName>עידן</ManufacturerName><ManufactureCountry>ישראל</ManufactureCountry><ManufacturerItemDescription>מסרק "9 צבעוני/שחור</ManufacturerItemDescription><SoldByWeight/><Quantity>0.00</Quantity><UnitOfMeasure>יח'</UnitOfMeasure><QtyInPackage>לא ידוע</QtyInPackage><UnitOfMeasurePrice>0.0000</UnitOfMeasurePrice><AllowDiscount>1</AllowDiscount><ItemStatus>1</ItemStatus><ItemPrice>8.00</ItemPrice></item><item><PriceUpdateDate>2015-10-13 11:27:32</PriceUpdateDate><ItemCode>72961513</ItemCode><ItemType>1</ItemType><ItemName>פרילי משמש 125 גרם</ItemName><ManufacturerName>פרילי</ManufacturerName><ManufactureCountry>ישראל</ManufactureCountry><ManufacturerItemDescription>פרילי משמש 125 גרם</ManufacturerItemDescription><SoldByWeight/><Quantity>125.00</Quantity><UnitOfMeasure>גרם     </UnitOfMeasure><QtyInPackage>לא ידוע</QtyInPackage><UnitOfMeasurePrice>0.0296</UnitOfMeasurePrice><AllowDiscount>1</AllowDiscount><ItemStatus>1</ItemStatus><ItemPrice>3.70</ItemPrice></item><item><PriceUpdateDate>2015-10-13 11:27:32</PriceUpdateDate><ItemCode>72961520</ItemCode><ItemType>1</ItemType><ItemName>פרילי אננס 125 גרם</ItemName><ManufacturerName>פרילי</ManufacturerName><ManufactureCountry>ישראל</ManufactureCountry><ManufacturerItemDescription>פרילי אננס בגביע125 מל</ManufacturerItemDescription><SoldByWeight/><Quantity>125.00</Quantity><UnitOfMeasure>גרם     </UnitOfMeasure><QtyInPackage>לא ידוע</QtyInPackage><UnitOfMeasurePrice>0.0296</UnitOfMeasurePrice><AllowDiscount>1</AllowDiscount><ItemStatus>1</ItemStatus><ItemPrice>3.70</ItemPrice></item><item><PriceUpdateDate>2016-03-14 07:31:45</PriceUpdateDate><ItemCode>72961544</ItemCode><ItemType>1</ItemType><ItemName>מעדן באדי תות 125 גר</ItemName><ManufacturerName>באדי</ManufacturerName><ManufactureCountry>ישראל</ManufactureCountry><ManufacturerItemDescription>באדי תות125 מל</ManufacturerItemDescription><SoldByWeight/><Quantity>125.00</Quantity><UnitOfMeasure>גרם     </UnitOfMeasure><QtyInPackage>לא ידוע</QtyInPackage><UnitOfMeasurePrice>0.0216</UnitOfMeasurePrice><AllowDiscount>1</AllowDiscount><ItemStatus>1</ItemStatus><ItemPrice>2.70</ItemPrice></item><item><PriceUpdateDate>2016-02-11 11:10:54</PriceUpdateDate><ItemCode>72963104</ItemCode><ItemType>1</ItemType><ItemName>חמאה 100 גרם</ItemName><ManufacturerName>חמאת תנובה</ManufacturerName><ManufactureCountry>ישראל</ManufactureCountry><ManufacturerItemDescription>חמאה 100 גרם פיקוח</ManufacturerItemDescription><SoldByWeight/><Quantity>100.00</Quantity><UnitOfMeasure>גרם     </UnitOfMeasure><QtyInPackage>לא ידוע</QtyInPackage><UnitOfMeasurePrice>0.0380</UnitOfMeasurePrice><AllowDiscount>1</AllowDiscount><ItemStatus>1</ItemStatus><ItemPrice>3.80</ItemPrice></item><item><PriceUpdateDate>2014-12-01 06:27:54</PriceUpdateDate><ItemCode>72963753</ItemCode><ItemType>1</ItemType><ItemName>שמנת של פעם 200 מ"ל</ItemName><ManufacturerName>חלב תנובה</ManufacturerName><ManufactureCountry>ישראל</ManufactureCountry><ManufacturerItemDescription>שמנת של פעם200 מל</ManufacturerItemDescription><SoldByWeight/><Quantity>200.00</Quantity><UnitOfMeasure>מ"ל</UnitOfMeasure><QtyInPackage>לא ידוע</QtyInPackage><UnitOfMeasurePrice>0.0210</UnitOfMeasurePrice><AllowDiscount>1</AllowDiscount><ItemStatus>1</ItemStatus><ItemPrice>4.20</ItemPrice></item><item><PriceUpdateDate>2015-10-22 08:04:46</PriceUpdateDate><ItemCode>72963920</ItemCode><ItemType>1</ItemType><ItemName>דנובה 200 מ"ל</ItemName><ManufacturerName>דנובה</ManufacturerName><ManufactureCountry>ישראל</ManufactureCountry><ManufacturerItemDescription>דנובה200 מל</ManufacturerItemDescription><SoldByWeight/><Quantity>200.00</Quantity><UnitOfMeasure>מ"ל</UnitOfMeasure><QtyInPackage>לא ידוע</QtyInPackage><UnitOfMeasurePrice>0.0185</UnitOfMeasurePrice><AllowDiscount>1</AllowDiscount><ItemStatus>1</ItemStatus><ItemPrice>3.70</ItemPrice></item><item><PriceUpdateDate>2015-10-22 08:04:46</PriceUpdateDate><ItemCode>72964132</ItemCode><ItemType>1</ItemType><ItemName>פרילי טבע 200 מ''ל</ItemName><ManufacturerName>פרילי</ManufacturerName><ManufactureCountry>ישראל</ManufactureCountry><ManufacturerItemDescription>טבעגורט-יוגורט עם גרנולה2</ManufacturerItemDescription><SoldByWeight/><Quantity>200.00</Quantity><UnitOfMeasure>מ"ל</UnitOfMeasure><QtyInPackage>לא ידוע</QtyInPackage><UnitOfMeasurePrice>0.0265</UnitOfMeasurePrice><AllowDiscount>1</AllowDiscount><ItemStatus>1</ItemStatus><ItemPrice>5.30</ItemPrice></item><item><PriceUpdateDate>2015-10-13 11:27:32</PriceUpdateDate><ItemCode>72964422</ItemCode><ItemType>1</ItemType><ItemName>יוגורט 200 מ"ל</ItemName><ManufacturerName>חלב תנובה</ManufacturerName><ManufactureCountry>ישראל</ManufactureCountry><ManufacturerItemDescription>יוגורט200-4% מל</ManufacturerItemDescription><SoldByWeight/><Quantity>200.00</Quantity><UnitOfMeasure>מ"ל</UnitOfMeasure><QtyInPackage>לא ידוע</QtyInPackage><UnitOfMeasurePrice>0.0145</UnitOfMeasurePrice><AllowDiscount>1</AllowDiscount><ItemStatus>1</ItemStatus><ItemPrice>2.90</ItemPrice></item><item><PriceUpdateDate>2015-10-22 08:37:08</PriceUpdateDate><ItemCode>72982457</ItemCode><ItemType>1</ItemType><ItemName>מילקי קל שוקו 137 גר</ItemName><ManufacturerName>מילקי</ManufacturerName><ManufactureCountry>ישראל</ManufactureCountry><ManufacturerItemDescription>מילקיקל שוקולד 170-3% מל</ManufacturerItemDescription><SoldByWeight/><Quantity>137.00</Quantity><UnitOfMeasure>גרם     </UnitOfMeasure><QtyInPackage>לא ידוע</QtyInPackage><UnitOfMeasurePrice>0.0307</UnitOfMeasurePrice><AllowDiscount>1</AllowDiscount><ItemStatus>1</ItemStatus><ItemPrice>4.20</ItemPrice></item><item><PriceUpdateDate>2016-05-02 08:00:06</PriceUpdateDate><ItemCode>72983416</ItemCode><ItemType>1</ItemType><ItemName>ס.אל אם בלו ארוך בוק</ItemName><ManufacturerName>אל אם</ManufacturerName><ManufactureCountry>ארצות הברית</ManufactureCountry><ManufacturerItemDescription>סיגריות L.M בלו לייבל ארו</ManufacturerItemDescription><SoldByWeight/><Quantity>0.00</Quantity><UnitOfMeasure>יח'</UnitOfMeasure><QtyInPackage>לא ידוע</QtyInPackage><UnitOfMeasurePrice>0.0000</UnitOfMeasurePrice><AllowDiscount>1</AllowDiscount><ItemStatus>1</ItemStatus><ItemPrice>32.00</ItemPrice></item><item><PriceUpdateDate>2015-07-02 06:48:39</PriceUpdateDate><ItemCode>72983454</ItemCode><ItemType>1</ItemType><ItemName>ס.גולף סופר סלימס בו</ItemName><ManufacturerName>גולף</ManufacturerName><ManufactureCountry>גרמניה</ManufactureCountry><ManufacturerItemDescription>סיגריות גולף סופר סלימס ב</ManufacturerItemDescription><SoldByWeight/><Quantity>0.00</Quantity><UnitOfMeasure>יח'</UnitOfMeasure><QtyInPackage>לא ידוע</QtyInPackage><UnitOfMeasurePrice>0.0000</UnitOfMeasurePrice><AllowDiscount>1</AllowDiscount><ItemStatus>1</ItemStatus><ItemPrice>31.00</ItemPrice></item><item><PriceUpdateDate>2016-03-14 07:31:45</PriceUpdateDate><ItemCode>72986233</ItemCode><ItemType>1</ItemType><ItemName>מעדן באדי וניל מהדרי</ItemName><ManufacturerName>באדי</ManufacturerName><ManufactureCountry>ישראל</ManufactureCountry><ManufacturerItemDescription>מעדן באדי וניל מהדרי</ManufacturerItemDescription><SoldByWeight/><Quantity>125.00</Quantity><UnitOfMeasure>גרם     </UnitOfMeasure><QtyInPackage>לא ידוע</QtyInPackage><UnitOfMeasurePrice>0.0216</UnitOfMeasurePrice><AllowDiscount>1</AllowDiscount><ItemStatus>1</ItemStatus><ItemPrice>2.70</ItemPrice></item><item><PriceUpdateDate>2016-03-14 07:31:45</PriceUpdateDate><ItemCode>72986240</ItemCode><ItemType>1</ItemType><ItemName>מעדן באדי שוקו מהדרי</ItemName><ManufacturerName>באדי</ManufacturerName><ManufactureCountry>ישראל</ManufactureCountry><ManufacturerItemDescription>מעדן באדי שוקו מהדרי</ManufacturerItemDescription><SoldByWeight/><Quantity>125.00</Quantity><UnitOfMeasure>גרם     </UnitOfMeasure><QtyInPackage>לא ידוע</QtyInPackage><UnitOfMeasurePrice>0.0216</UnitOfMeasurePrice><AllowDiscount>1</AllowDiscount><ItemStatus>1</ItemStatus><ItemPrice>2.70</ItemPrice></item><item><PriceUpdateDate>2016-05-01 10:21:03</PriceUpdateDate><ItemCode>72986370</ItemCode><ItemType>1</ItemType><ItemName>גלידה וניל צרפתי 500</ItemName><ManufacturerName>בן&amp;גריס</ManufacturerName><ManufactureCountry>ישראל</ManufactureCountry><ManufacturerItemDescription>גלידה וניל צרפתי 500 מל</ManufacturerItemDescription><SoldByWeight/><Quantity>500.00</Quantity><UnitOfMeasure>מ"ל</UnitOfMeasure><QtyInPackage>לא ידוע</QtyInPackage><UnitOfMeasurePrice>0.0398</UnitOfMeasurePrice><AllowDiscount>1</AllowDiscount><ItemStatus>1</ItemStatus><ItemPrice>19.90</ItemPrice></item><item><PriceUpdateDate>2016-05-01 10:21:04</PriceUpdateDate><ItemCode>72986455</ItemCode><ItemType>1</ItemType><ItemName>גלידה ניו יורק 500 מ</ItemName><ManufacturerName>בן&amp;גריס</ManufacturerName><ManufactureCountry>ישראל</ManufactureCountry><ManufacturerItemDescription>גלידה ניו יורק סופר 500 מ</ManufacturerItemDescription><SoldByWeight/><Quantity>500.00</Quantity><UnitOfMeasure>מ"ל</UnitOfMeasure><QtyInPackage>לא ידוע</QtyInPackage><UnitOfMeasurePrice>0.0398</UnitOfMeasurePrice><AllowDiscount>1</AllowDiscount><ItemStatus>1</ItemStatus><ItemPrice>19.90</ItemPrice></item><item><PriceUpdateDate>2016-05-01 10:21:04</PriceUpdateDate><ItemCode>72986479</ItemCode><ItemType>1</ItemType><ItemName>גלידה צאנקי מנקי 500</ItemName><ManufacturerName>בן&amp;גריס</ManufacturerName><ManufactureCountry>ישראל</ManufactureCountry><ManufacturerItemDescription>גלידה צינקי מונקי 500 מל</ManufacturerItemDescription><SoldByWeight/><Quantity>500.00</Quantity><UnitOfMeasure>מ"ל</UnitOfMeasure><QtyInPackage>לא ידוע</QtyInPackage><UnitOfMeasurePrice>0.0398</UnitOfMeasurePrice><AllowDiscount>1</AllowDiscount><ItemStatus>1</ItemStatus><ItemPrice>19.90</ItemPrice></item><item><PriceUpdateDate>2015-07-02 06:48:39</PriceUpdateDate><ItemCode>72991374</ItemCode><ItemType>1</ItemType><ItemName>ס.טיים רד בודד</ItemName><ManufacturerName>טיים</ManufacturerName><ManufactureCountry>ישראל</ManufactureCountry><ManufacturerItemDescription>סיגריות טיים רד בודד</ManufacturerItemDescription><SoldByWeight/><Quantity>0.00</Quantity><UnitOfMeasure>יח'</UnitOfMeasure><QtyInPackage>לא ידוע</QtyInPackage><UnitOfMeasurePrice>0.0000</UnitOfMeasurePrice><AllowDiscount>1</AllowDiscount><ItemStatus>1</ItemStatus><ItemPrice>29.00</ItemPrice></item><item><PriceUpdateDate>2015-07-02 06:48:40</PriceUpdateDate><ItemCode>72991510</ItemCode><ItemType>1</ItemType><ItemName>ס.מונטנה פילטר בודד</ItemName><ManufacturerName>מונטנה</ManufacturerName><ManufactureCountry>ישראל</ManufactureCountry><ManufacturerItemDescription>סיגריות מונטנה פילטר בודד</ManufacturerItemDescription><SoldByWeight/><Quantity>0.00</Quantity><UnitOfMeasure>יח'</UnitOfMeasure><QtyInPackage>לא ידוע</QtyInPackage><UnitOfMeasurePrice>0.0000</UnitOfMeasurePrice><AllowDiscount>1</AllowDiscount><ItemStatus>1</ItemStatus><ItemPrice>31.00</ItemPrice></item><item><PriceUpdateDate>2016-05-01 10:21:04</PriceUpdateDate><ItemCode>72991886</ItemCode><ItemType>1</ItemType><ItemName>גלידהריבת חלב 500 מ"</ItemName><ManufacturerName>בן&amp;גריס</ManufacturerName><ManufactureCountry>ישראל</ManufactureCountry><ManufacturerItemDescription>גלידת ריבת חלב500  מל</ManufacturerItemDescription><SoldByWeight/><Quantity>500.00</Quantity><UnitOfMeasure>מ"ל</UnitOfMeasure><QtyInPackage>לא ידוע</QtyInPackage><UnitOfMeasurePrice>0.0398</UnitOfMeasurePrice><AllowDiscount>1</AllowDiscount><ItemStatus>1</ItemStatus><ItemPrice>19.90</ItemPrice></item><item><PriceUpdateDate>2015-10-15 12:36:53</PriceUpdateDate><ItemCode>72992357</ItemCode><ItemType>1</ItemType><ItemName>פסק זמן ביג בייט קלא</ItemName><ManufacturerName>פסק זמן</ManufacturerName><ManufactureCountry>ישראל</ManufactureCountry><ManufacturerItemDescription>חטיף פסק זמן ביג בייט 52</ManufacturerItemDescription><SoldByWeight/><Quantity>45.00</Quantity><UnitOfMeasure>גרם     </UnitOfMeasure><QtyInPackage>לא ידוע</QtyInPackage><UnitOfMeasurePrice>0.1356</UnitOfMeasurePrice><AllowDiscount>1</AllowDiscount><ItemStatus>1</ItemStatus><ItemPrice>6.10</ItemPrice></item><item><PriceUpdateDate>2016-05-02 08:00:06</PriceUpdateDate><ItemCode>72993477</ItemCode><ItemType>1</ItemType><ItemName>ס.אל אם סלימס בודד</ItemName><ManufacturerName>אל אם</ManufacturerName><ManufactureCountry>ארצות הברית</ManufactureCountry><ManufacturerItemDescription>סיגריות L.M וייב סלימס בו</ManufacturerItemDescription><SoldByWeight/><Quantity>0.00</Quantity><UnitOfMeasure>יח'</UnitOfMeasure><QtyInPackage>לא ידוע</QtyInPackage><UnitOfMeasurePrice>0.0000</UnitOfMeasurePrice><AllowDiscount>1</AllowDiscount><ItemStatus>1</ItemStatus><ItemPrice>32.00</ItemPrice></item><item><PriceUpdateDate>2015-10-13 11:27:33</PriceUpdateDate><ItemCode>72993637</ItemCode><ItemType>1</ItemType><ItemName>מעדן דני 125 גרם</ItemName><ManufacturerName>דני</ManufacturerName><ManufactureCountry>ישראל</ManufactureCountry><ManufacturerItemDescription>מעדן דני שוקולד 125 גרם</ManufacturerItemDescription><SoldByWeight/><Quantity>125.00</Quantity><UnitOfMeasure>מ"ל</UnitOfMeasure><QtyInPackage>לא ידוע</QtyInPackage><UnitOfMeasurePrice>0.0216</UnitOfMeasurePrice><AllowDiscount>1</AllowDiscount><ItemStatus>1</ItemStatus><ItemPrice>2.70</ItemPrice></item><item><PriceUpdateDate>2016-05-02 08:00:06</PriceUpdateDate><ItemCode>72994252</ItemCode><ItemType>1</ItemType><ItemName>ס.נקסט לילך בודד</ItemName><ManufacturerName>נקסט-סיגריות</ManufacturerName><ManufactureCountry>ארצות הברית</ManufactureCountry><ManufacturerItemDescription>סיגריות נקסט לילך בודד</ManufacturerItemDescription><SoldByWeight/><Quantity>0.00</Quantity><UnitOfMeasure>יח'</UnitOfMeasure><QtyInPackage>לא ידוע</QtyInPackage><UnitOfMeasurePrice>0.0000</UnitOfMeasurePrice><AllowDiscount>1</AllowDiscount><ItemStatus>1</ItemStatus><ItemPrice>29.00</ItemPrice></item><item><PriceUpdateDate>2016-05-03 07:12:17</PriceUpdateDate><ItemCode>7312040017683</ItemCode><ItemType>1</ItemType><ItemName>וודקה אבסולוט 700 מ'</ItemName><ManufacturerName>לא ממותג</ManufacturerName><ManufactureCountry>שוודיה</ManufactureCountry><ManufacturerItemDescription>וודקה אבסולוט 700 מל</ManufacturerItemDescription><SoldByWeight/><Quantity>700.00</Quantity><UnitOfMeasure>מ"ל</UnitOfMeasure><QtyInPackage>לא ידוע</QtyInPackage><UnitOfMeasurePrice>0.0999</UnitOfMeasurePrice><AllowDiscount>1</AllowDiscount><ItemStatus>1</ItemStatus><ItemPrice>69.90</ItemPrice></item><item><PriceUpdateDate>2015-11-15 20:35:54</PriceUpdateDate><ItemCode>7613033539022</ItemCode><ItemType>1</ItemType><ItemName>מטרנה מחית תפוח עץ 1</ItemName><ManufacturerName>מטרנה</ManufacturerName><ManufactureCountry>ישראל</ManufactureCountry><ManufacturerItemDescription>מטרנה מחית תפוח עץ 1</ManufacturerItemDescription><SoldByWeight/><Quantity>130.00</Quantity><UnitOfMeasure>גרם     </UnitOfMeasure><QtyInPackage>לא ידוע</QtyInPackage><UnitOfMeasurePrice>0.0515</UnitOfMeasurePrice><AllowDiscount>1</AllowDiscount><ItemStatus>1</ItemStatus><ItemPrice>6.70</ItemPrice></item><item><PriceUpdateDate>2016-03-29 07:28:59</PriceUpdateDate><ItemCode>7622300200237</ItemCode><ItemType>1</ItemType><ItemName>מב שוקולד חלב מילקה</ItemName><ManufacturerName>מילקה</ManufacturerName><ManufactureCountry>ישראל</ManufactureCountry><ManufacturerItemDescription>מב שוקולד חלב מילקה</ManufacturerItemDescription><SoldByWeight/><Quantity>250.00</Quantity><UnitOfMeasure>גרם     </UnitOfMeasure><QtyInPackage>לא ידוע</QtyInPackage><UnitOfMeasurePrice>0.0396</UnitOfMeasurePrice><AllowDiscount>1</AllowDiscount><ItemStatus>1</ItemStatus><ItemPrice>9.90</ItemPrice></item><item><PriceUpdateDate>2016-03-29 07:11:21</PriceUpdateDate><ItemCode>7622300292508</ItemCode><ItemType>1</ItemType><ItemName>מילקה ואפל במילוי קר</ItemName><ManufacturerName>מילקה</ManufacturerName><ManufactureCountry>פולין</ManufactureCountry><ManufacturerItemDescription>וופל במילוי קרם קקאו מילק</ManufacturerItemDescription><SoldByWeight/><Quantity>180.00</Quantity><UnitOfMeasure>גרם     </UnitOfMeasure><QtyInPackage>לא ידוע</QtyInPackage><UnitOfMeasurePrice>0.1017</UnitOfMeasurePrice><AllowDiscount>1</AllowDiscount><ItemStatus>1</ItemStatus><ItemPrice>18.30</ItemPrice></item><item><PriceUpdateDate>2016-05-01 10:21:42</PriceUpdateDate><ItemCode>76840400027</ItemCode><ItemType>1</ItemType><ItemName>גלידה פיינט שוקולד 5</ItemName><ManufacturerName>בן&amp;גריס</ManufacturerName><ManufactureCountry>ישראל</ManufactureCountry><ManufacturerItemDescription>גלידה שוקולד500 מל</ManufacturerItemDescription><SoldByWeight/><Quantity>500.00</Quantity><UnitOfMeasure>מ"ל</UnitOfMeasure><QtyInPackage>לא ידוע</QtyInPackage><UnitOfMeasurePrice>0.0398</UnitOfMeasurePrice><AllowDiscount>1</AllowDiscount><ItemStatus>1</ItemStatus><ItemPrice>19.90</ItemPrice></item><item><PriceUpdateDate>2016-03-29 07:11:22</PriceUpdateDate><ItemCode>7804414000877</ItemCode><ItemType>1</ItemType><ItemName>יין דון חוליו מרלו 7</ItemName><ManufacturerName>דון חוליו</ManufacturerName><ManufactureCountry>ישראל</ManufactureCountry><ManufacturerItemDescription>דון חוליו מרלו  75 מ"ל</ManufacturerItemDescription><SoldByWeight/><Quantity>750.00</Quantity><UnitOfMeasure>מ"ל</UnitOfMeasure><QtyInPackage>לא ידוע</QtyInPackage><UnitOfMeasurePrice>0.0481</UnitOfMeasurePrice><AllowDiscount>1</AllowDiscount><ItemStatus>1</ItemStatus><ItemPrice>36.10</ItemPrice></item><item><PriceUpdateDate>2014-12-01 06:28:18</PriceUpdateDate><ItemCode>8000113003402</ItemCode><ItemType>1</ItemType><ItemName>קמח תירס פולנטה בווא</ItemName><ManufacturerName>אדמה-מוצרים טבעיים</ManufacturerName><ManufactureCountry>ישראל</ManufactureCountry><ManufacturerItemDescription>קמח תירס בוואקום 1 קג</ManufacturerItemDescription><SoldByWeight/><Quantity>1000.00</Quantity><UnitOfMeasure>גרם     </UnitOfMeasure><QtyInPackage>לא ידוע</QtyInPackage><UnitOfMeasurePrice>0.0158</UnitOfMeasurePrice><AllowDiscount>1</AllowDiscount><ItemStatus>1</ItemStatus><ItemPrice>15.80</ItemPrice></item><item><PriceUpdateDate>2016-02-17 06:21:00</PriceUpdateDate><ItemCode>8000500023976</ItemCode><ItemType>1</ItemType><ItemName>בונבונירה רפאלו 150</ItemName><ManufacturerName>רפאלו</ManufacturerName><ManufactureCountry>איטליה</ManufactureCountry><ManufacturerItemDescription>בונב.רפאלו 150 גר</ManufacturerItemDescription><SoldByWeight/><Quantity>150.00</Quantity><UnitOfMeasure>גרם     </UnitOfMeasure><QtyInPackage>לא ידוע</QtyInPackage><UnitOfMeasurePrice>0.1327</UnitOfMeasurePrice><AllowDiscount>1</AllowDiscount><ItemStatus>1</ItemStatus><ItemPrice>19.90</ItemPrice></item><item><PriceUpdateDate>2016-05-01 12:10:39</PriceUpdateDate><ItemCode>8000500071083</ItemCode><ItemType>1</ItemType><ItemName>אצבעות שוקולד קינדר</ItemName><ManufacturerName>קינדר</ManufacturerName><ManufactureCountry>איטליה</ManufactureCountry><ManufacturerItemDescription>דגנים גו פיט    וקוס340ג</ManufacturerItemDescription><SoldByWeight/><Quantity>200.00</Quantity><UnitOfMeasure>גרם     </UnitOfMeasure><QtyInPackage>לא ידוע</QtyInPackage><UnitOfMeasurePrice>0.0810</UnitOfMeasurePrice><AllowDiscount>1</AllowDiscount><ItemStatus>1</ItemStatus><ItemPrice>16.20</ItemPrice></item><item><PriceUpdateDate>2016-03-16 14:00:34</PriceUpdateDate><ItemCode>8000700000050</ItemCode><ItemType>1</ItemType><ItemName>סבון מוצק דאב רביעיי</ItemName><ManufacturerName>דאב</ManufacturerName><ManufactureCountry>ישראל</ManufactureCountry><ManufacturerItemDescription>סבון מוצק דאב רביעיי</ManufacturerItemDescription><SoldByWeight/><Quantity>400.00</Quantity><UnitOfMeasure>גרם     </UnitOfMeasure><QtyInPackage>לא ידוע</QtyInPackage><UnitOfMeasurePrice>0.0472</UnitOfMeasurePrice><AllowDiscount>1</AllowDiscount><ItemStatus>1</ItemStatus><ItemPrice>18.90</ItemPrice></item><item><PriceUpdateDate>2016-03-29 07:29:00</PriceUpdateDate><ItemCode>8004030044005</ItemCode><ItemType>1</ItemType><ItemName>מב טונה ריו מארה בשמ</ItemName><ManufacturerName>לא ידוע</ManufacturerName><ManufactureCountry>איטליה</ManufactureCountry><ManufacturerItemDescription>טונה בשמן זית 160 ריומרה1</ManufacturerItemDescription><SoldByWeight/><Quantity>112.00</Quantity><UnitOfMeasure>גרם     </UnitOfMeasure><QtyInPackage>לא ידוע</QtyInPackage><UnitOfMeasurePrice>0.1330</UnitOfMeasurePrice><AllowDiscount>1</AllowDiscount><ItemStatus>1</ItemStatus><ItemPrice>14.90</ItemPrice></item><item><PriceUpdateDate>2015-10-14 10:41:08</PriceUpdateDate><ItemCode>8005200496525</ItemCode><ItemType>1</ItemType><ItemName>נסטי בטעם אפרסק 1.5</ItemName><ManufacturerName>נסטי</ManufacturerName><ManufactureCountry>ישראל</ManufactureCountry><ManufacturerItemDescription>נסטי אפרסק      יטר</ManufacturerItemDescription><SoldByWeight/><Quantity>1500.00</Quantity><UnitOfMeasure>מ"ל</UnitOfMeasure><QtyInPackage>לא ידוע</QtyInPackage><UnitOfMeasurePrice>0.0054</UnitOfMeasurePrice><AllowDiscount>1</AllowDiscount><ItemStatus>1</ItemStatus><ItemPrice>8.10</ItemPrice></item><item><PriceUpdateDate>2016-03-16 14:00:26</PriceUpdateDate><ItemCode>80176800</ItemCode><ItemType>1</ItemType><ItemName>ממרח שוקולד נוטלה 75</ItemName><ManufacturerName>נוטלה</ManufacturerName><ManufactureCountry>פולין</ManufactureCountry><ManufacturerItemDescription>מסטיק מנטוס      90 גרם</ManufacturerItemDescription><SoldByWeight/><Quantity>750.00</Quantity><UnitOfMeasure>גרם     </UnitOfMeasure><QtyInPackage>לא ידוע</QtyInPackage><UnitOfMeasurePrice>0.0332</UnitOfMeasurePrice><AllowDiscount>1</AllowDiscount><ItemStatus>1</ItemStatus><ItemPrice>24.90</ItemPrice></item><item><PriceUpdateDate>2016-03-30 08:10:58</PriceUpdateDate><ItemCode>80177173</ItemCode><ItemType>1</ItemType><ItemName>ממרח שוקולד נוטלה 35</ItemName><ManufacturerName>פררו</ManufacturerName><ManufactureCountry>איטליה</ManufactureCountry><ManufacturerItemDescription>מסטיק מנטוס     ת מיקס90</ManufacturerItemDescription><SoldByWeight/><Quantity>350.00</Quantity><UnitOfMeasure>גרם     </UnitOfMeasure><QtyInPackage>לא ידוע</QtyInPackage><UnitOfMeasurePrice>0.0411</UnitOfMeasurePrice><AllowDiscount>1</AllowDiscount><ItemStatus>1</ItemStatus><ItemPrice>14.40</ItemPrice></item><item><PriceUpdateDate>2015-10-20 12:45:55</PriceUpdateDate><ItemCode>80177609</ItemCode><ItemType>1</ItemType><ItemName>אצבעות שוקולד קינדר</ItemName><ManufacturerName>קינדר</ManufacturerName><ManufactureCountry>איטליה</ManufactureCountry><ManufacturerItemDescription>שוקולד חלב ממולא קינדר50</ManufacturerItemDescription><SoldByWeight/><Quantity>50.00</Quantity><UnitOfMeasure>גרם     </UnitOfMeasure><QtyInPackage>לא ידוע</QtyInPackage><UnitOfMeasurePrice>0.1180</UnitOfMeasurePrice><AllowDiscount>1</AllowDiscount><ItemStatus>1</ItemStatus><ItemPrice>5.90</ItemPrice></item><item><PriceUpdateDate>2016-05-01 12:10:48</PriceUpdateDate><ItemCode>8076809513388</ItemCode><ItemType>1</ItemType><ItemName>ברילה רוטב ארביאטה 4</ItemName><ManufacturerName>ברילה</ManufacturerName><ManufactureCountry>איטליה</ManufactureCountry><ManufacturerItemDescription>ג'ל רחצה        מוליב500</ManufacturerItemDescription><SoldByWeight/><Quantity>400.00</Quantity><UnitOfMeasure>גרם     </UnitOfMeasure><QtyInPackage>לא ידוע</QtyInPackage><UnitOfMeasurePrice>0.0380</UnitOfMeasurePrice><AllowDiscount>1</AllowDiscount><ItemStatus>1</ItemStatus><ItemPrice>15.20</ItemPrice></item><item><PriceUpdateDate>2015-11-17 19:34:15</PriceUpdateDate><ItemCode>8076809545457</ItemCode><ItemType>1</ItemType><ItemName>ברילה צינורות ללא גל</ItemName><ManufacturerName>ברילה</ManufacturerName><ManufactureCountry>לא ידוע</ManufactureCountry><ManufacturerItemDescription>ברילה צינורות ללא גל</ManufacturerItemDescription><SoldByWeight/><Quantity>400.00</Quantity><UnitOfMeasure>גרם     </UnitOfMeasure><QtyInPackage>לא ידוע</QtyInPackage><UnitOfMeasurePrice>0.0298</UnitOfMeasurePrice><AllowDiscount>1</AllowDiscount><ItemStatus>1</ItemStatus><ItemPrice>11.90</ItemPrice></item><item><PriceUpdateDate>2016-01-11 11:25:21</PriceUpdateDate><ItemCode>80850885</ItemCode><ItemType>1</ItemType><ItemName>מסטיק מנטוס ווייט בט</ItemName><ManufacturerName>מנטוס</ManufacturerName><ManufactureCountry>ישראל</ManufactureCountry><ManufacturerItemDescription>מסטיק מנטוס ויט טעם מנטה</ManufacturerItemDescription><SoldByWeight/><Quantity>60.00</Quantity><UnitOfMeasure>גרם     </UnitOfMeasure><QtyInPackage>לא ידוע</QtyInPackage><UnitOfMeasurePrice>0.1650</UnitOfMeasurePrice><AllowDiscount>1</AllowDiscount><ItemStatus>1</ItemStatus><ItemPrice>9.90</ItemPrice></item><item><PriceUpdateDate>2016-01-20 06:35:59</PriceUpdateDate><ItemCode>80927679</ItemCode><ItemType>1</ItemType><ItemName>בקבוקון מסטיק מנטוס</ItemName><ManufacturerName>מנטוס</ManufacturerName><ManufactureCountry>ישראל</ManufactureCountry><ManufacturerItemDescription>מנטוס וויט       מנטה60ג</ManufacturerItemDescription><SoldByWeight/><Quantity>60.00</Quantity><UnitOfMeasure>גרם     </UnitOfMeasure><QtyInPackage>לא ידוע</QtyInPackage><UnitOfMeasurePrice>0.1650</UnitOfMeasurePrice><AllowDiscount>1</AllowDiscount><ItemStatus>1</ItemStatus><ItemPrice>9.90</ItemPrice></item><item><PriceUpdateDate>2016-01-20 06:35:59</PriceUpdateDate><ItemCode>80949411</ItemCode><ItemType>1</ItemType><ItemName>בקבוקון מסטיק מנטוס</ItemName><ManufacturerName>מנטוס</ManufacturerName><ManufactureCountry>ישראל</ManufactureCountry><ManufacturerItemDescription>מנטוס וויט       מנטה60ג</ManufacturerItemDescription><SoldByWeight/><Quantity>60.00</Quantity><UnitOfMeasure>גרם     </UnitOfMeasure><QtyInPackage>לא ידוע</QtyInPackage><UnitOfMeasurePrice>0.1650</UnitOfMeasurePrice><AllowDiscount>1</AllowDiscount><ItemStatus>1</ItemStatus><ItemPrice>9.90</ItemPrice></item><item><PriceUpdateDate>2016-01-20 06:35:59</PriceUpdateDate><ItemCode>80949466</ItemCode><ItemType>1</ItemType><ItemName>בקבוקון מסטיק מנטוס</ItemName><ManufacturerName>מנטוס</ManufacturerName><ManufactureCountry>ישראל</ManufactureCountry><ManufacturerItemDescription>מנטוס וויט       מנטה60ג</ManufacturerItemDescription><SoldByWeight/><Quantity>60.00</Quantity><UnitOfMeasure>גרם     </UnitOfMeasure><QtyInPackage>לא ידוע</QtyInPackage><UnitOfMeasurePrice>0.1650</UnitOfMeasurePrice><AllowDiscount>1</AllowDiscount><ItemStatus>1</ItemStatus><ItemPrice>9.90</ItemPrice></item><item><PriceUpdateDate>2016-02-04 11:08:56</PriceUpdateDate><ItemCode>835811005018</ItemCode><ItemType>1</ItemType><ItemName>כוסות חד פעמי יהלום</ItemName><ManufacturerName>הנמל</ManufacturerName><ManufactureCountry>ישראל</ManufactureCountry><ManufacturerItemDescription>כוסות חד פעמי יהלום</ManufacturerItemDescription><SoldByWeight/><Quantity>50.00</Quantity><UnitOfMeasure>בודד</UnitOfMeasure><QtyInPackage>לא ידוע</QtyInPackage><UnitOfMeasurePrice>0.2580</UnitOfMeasurePrice><AllowDiscount>1</AllowDiscount><ItemStatus>1</ItemStatus><ItemPrice>12.90</ItemPrice></item><item><PriceUpdateDate>2014-12-01 06:28:16</PriceUpdateDate><ItemCode>835811005667</ItemCode><ItemType>1</ItemType><ItemName>נטיפי צ'יפס שוקולד 2</ItemName><ManufacturerName>לא ידוע</ManufacturerName><ManufactureCountry>ישראל</ManufactureCountry><ManufacturerItemDescription>נטיפי צ'יפס שוקולד 2</ManufacturerItemDescription><SoldByWeight/><Quantity>250.00</Quantity><UnitOfMeasure>גרם     </UnitOfMeasure><QtyInPackage>לא ידוע</QtyInPackage><UnitOfMeasurePrice>0.0388</UnitOfMeasurePrice><AllowDiscount>1</AllowDiscount><ItemStatus>1</ItemStatus><ItemPrice>9.70</ItemPrice></item><item><PriceUpdateDate>2016-02-02 05:50:12</PriceUpdateDate><ItemCode>835811005933</ItemCode><ItemType>1</ItemType><ItemName>מגש הכסף אלומניום חד</ItemName><ManufacturerName>הנמל</ManufacturerName><ManufactureCountry>ישראל</ManufactureCountry><ManufacturerItemDescription>מגש הכסף אלומניום חד</ManufacturerItemDescription><SoldByWeight/><Quantity>0.00</Quantity><UnitOfMeasure>יח'</UnitOfMeasure><QtyInPackage>לא ידוע</QtyInPackage><UnitOfMeasurePrice>0.0000</UnitOfMeasurePrice><AllowDiscount>1</AllowDiscount><ItemStatus>1</ItemStatus><ItemPrice>12.90</ItemPrice></item><item><PriceUpdateDate>2014-12-01 06:28:16</PriceUpdateDate><ItemCode>835811006602</ItemCode><ItemType>1</ItemType><ItemName>סוכר דמררה ארומתי 1</ItemName><ManufacturerName>הנמל</ManufacturerName><ManufactureCountry>ישראל</ManufactureCountry><ManufacturerItemDescription>סוכר דמררה ארומתי 1</ManufacturerItemDescription><SoldByWeight/><Quantity>1000.00</Quantity><UnitOfMeasure>גרם     </UnitOfMeasure><QtyInPackage>לא ידוע</QtyInPackage><UnitOfMeasurePrice>0.0138</UnitOfMeasurePrice><AllowDiscount>1</AllowDiscount><ItemStatus>1</ItemStatus><ItemPrice>13.80</ItemPrice></item><item><PriceUpdateDate>2016-03-29 07:28:14</PriceUpdateDate><ItemCode>835811006688</ItemCode><ItemType>1</ItemType><ItemName>מב צלחות קטנות בעיטו</ItemName><ManufacturerName>הנמל</ManufacturerName><ManufactureCountry>ישראל</ManufactureCountry><ManufacturerItemDescription>מב צלחות קטנות בעיטו</ManufacturerItemDescription><SoldByWeight/><Quantity>10.00</Quantity><UnitOfMeasure>בודד</UnitOfMeasure><QtyInPackage>לא ידוע</QtyInPackage><UnitOfMeasurePrice>1.2900</UnitOfMeasurePrice><AllowDiscount>1</AllowDiscount><ItemStatus>1</ItemStatus><ItemPrice>12.90</ItemPrice></item><item><PriceUpdateDate>2016-02-02 05:50:12</PriceUpdateDate><ItemCode>835811006770</ItemCode><ItemType>1</ItemType><ItemName>מגש הכסף אלומניום עג</ItemName><ManufacturerName>הנמל</ManufacturerName><ManufactureCountry>ישראל</ManufactureCountry><ManufacturerItemDescription>מגש הכסף אלומניום עג</ManufacturerItemDescription><SoldByWeight/><Quantity>0.00</Quantity><UnitOfMeasure>יח'</UnitOfMeasure><QtyInPackage>לא ידוע</QtyInPackage><UnitOfMeasurePrice>0.0000</UnitOfMeasurePrice><AllowDiscount>1</AllowDiscount><ItemStatus>1</ItemStatus><ItemPrice>12.90</ItemPrice></item><item><PriceUpdateDate>2015-03-08 15:55:17</PriceUpdateDate><ItemCode>835811006985</ItemCode><ItemType>1</ItemType><ItemName>בורגול 500 גרם</ItemName><ManufacturerName>לא ממותג</ManufacturerName><ManufactureCountry>ישראל</ManufactureCountry><ManufacturerItemDescription>בורגול 500 גרם</ManufacturerItemDescription><SoldByWeight/><Quantity>500.00</Quantity><UnitOfMeasure>גרם     </UnitOfMeasure><QtyInPackage>לא ידוע</QtyInPackage><UnitOfMeasurePrice>0.0138</UnitOfMeasurePrice><AllowDiscount>1</AllowDiscount><ItemStatus>1</ItemStatus><ItemPrice>6.90</ItemPrice></item><item><PriceUpdateDate>2016-03-29 07:28:14</PriceUpdateDate><ItemCode>835811007135</ItemCode><ItemType>1</ItemType><ItemName>מב קוקוס 500 גרם</ItemName><ManufacturerName>הנמל</ManufacturerName><ManufactureCountry>ישראל</ManufactureCountry><ManufacturerItemDescription>מב קוקוס 500 גרם</ManufacturerItemDescription><SoldByWeight/><Quantity>500.00</Quantity><UnitOfMeasure>גרם     </UnitOfMeasure><QtyInPackage>לא ידוע</QtyInPackage><UnitOfMeasurePrice>0.0200</UnitOfMeasurePrice><AllowDiscount>1</AllowDiscount><ItemStatus>1</ItemStatus><ItemPrice>10.00</ItemPrice></item><item><PriceUpdateDate>2014-12-01 06:28:16</PriceUpdateDate><ItemCode>835811007142</ItemCode><ItemType>1</ItemType><ItemName>עדשים ירוקים 500 גרם</ItemName><ManufacturerName>לא ממותג</ManufacturerName><ManufactureCountry>ישראל</ManufactureCountry><ManufacturerItemDescription>עדשים ירוקים 500 גרם</ManufacturerItemDescription><SoldByWeight/><Quantity>500.00</Quantity><UnitOfMeasure>גרם     </UnitOfMeasure><QtyInPackage>לא ידוע</QtyInPackage><UnitOfMeasurePrice>0.0172</UnitOfMeasurePrice><AllowDiscount>1</AllowDiscount><ItemStatus>1</ItemStatus><ItemPrice>8.60</ItemPrice></item><item><PriceUpdateDate>2014-12-01 06:28:16</PriceUpdateDate><ItemCode>835811007159</ItemCode><ItemType>1</ItemType><ItemName>גריסים מרובע 500 גרם</ItemName><ManufacturerName>לא ממותג</ManufacturerName><ManufactureCountry>ישראל</ManufactureCountry><ManufacturerItemDescription>גריסים מרובע 500 גרם</ManufacturerItemDescription><SoldByWeight/><Quantity>500.00</Quantity><UnitOfMeasure>גרם     </UnitOfMeasure><QtyInPackage>לא ידוע</QtyInPackage><UnitOfMeasurePrice>0.0118</UnitOfMeasurePrice><AllowDiscount>1</AllowDiscount><ItemStatus>1</ItemStatus><ItemPrice>5.90</ItemPrice></item><item><PriceUpdateDate>2014-12-01 06:28:16</PriceUpdateDate><ItemCode>835811007180</ItemCode><ItemType>1</ItemType><ItemName>פופ קורן מרובע 500 ג</ItemName><ManufacturerName>לא ממותג</ManufacturerName><ManufactureCountry>ישראל</ManufactureCountry><ManufacturerItemDescription>פופ קורן מרובע 500 ג</ManufacturerItemDescription><SoldByWeight/><Quantity>500.00</Quantity><UnitOfMeasure>גרם     </UnitOfMeasure><QtyInPackage>לא ידוע</QtyInPackage><UnitOfMeasurePrice>0.0158</UnitOfMeasurePrice><AllowDiscount>1</AllowDiscount><ItemStatus>1</ItemStatus><ItemPrice>7.90</ItemPrice></item><item><PriceUpdateDate>2015-11-12 15:07:57</PriceUpdateDate><ItemCode>835811007197</ItemCode><ItemType>1</ItemType><ItemName>עדשים אדומות 500 גרם</ItemName><ManufacturerName>לא ממותג</ManufacturerName><ManufactureCountry>ישראל</ManufactureCountry><ManufacturerItemDescription>עדשים אדומות 500 גרם</ManufacturerItemDescription><SoldByWeight/><Quantity>500.00</Quantity><UnitOfMeasure>גרם     </UnitOfMeasure><QtyInPackage>לא ידוע</QtyInPackage><UnitOfMeasurePrice>0.0162</UnitOfMeasurePrice><AllowDiscount>1</AllowDiscount><ItemStatus>1</ItemStatus><ItemPrice>8.10</ItemPrice></item><item><PriceUpdateDate>2014-12-01 06:28:16</PriceUpdateDate><ItemCode>835811007210</ItemCode><ItemType>1</ItemType><ItemName>חומוס מרובע 500 גרם</ItemName><ManufacturerName>לא ממותג</ManufacturerName><ManufactureCountry>ישראל</ManufactureCountry><ManufacturerItemDescription>חומוס מרובע 500 גרם</ManufacturerItemDescription><SoldByWeight/><Quantity>500.00</Quantity><UnitOfMeasure>גרם     </UnitOfMeasure><QtyInPackage>לא ידוע</QtyInPackage><UnitOfMeasurePrice>0.0178</UnitOfMeasurePrice><AllowDiscount>1</AllowDiscount><ItemStatus>1</ItemStatus><ItemPrice>8.90</ItemPrice></item><item><PriceUpdateDate>2014-12-01 06:28:16</PriceUpdateDate><ItemCode>835811007227</ItemCode><ItemType>1</ItemType><ItemName>חיטה 500 גרם</ItemName><ManufacturerName>לא ממותג</ManufacturerName><ManufactureCountry>ישראל</ManufactureCountry><ManufacturerItemDescription>חיטה 500 גרם</ManufacturerItemDescription><SoldByWeight/><Quantity>500.00</Quantity><UnitOfMeasure>גרם     </UnitOfMeasure><QtyInPackage>לא ידוע</QtyInPackage><UnitOfMeasurePrice>0.0118</UnitOfMeasurePrice><AllowDiscount>1</AllowDiscount><ItemStatus>1</ItemStatus><ItemPrice>5.90</ItemPrice></item><item><PriceUpdateDate>2015-11-15 20:34:48</PriceUpdateDate><ItemCode>835811007562</ItemCode><ItemType>1</ItemType><ItemName>תבנית חד פעמי קרטון</ItemName><ManufacturerName>הנמל</ManufacturerName><ManufactureCountry>ישראל</ManufactureCountry><ManufacturerItemDescription>תבנית חד פעמי קרטון</ManufacturerItemDescription><SoldByWeight/><Quantity>0.00</Quantity><UnitOfMeasure>יח'</UnitOfMeasure><QtyInPackage>לא ידוע</QtyInPackage><UnitOfMeasurePrice>0.0000</UnitOfMeasurePrice><AllowDiscount>1</AllowDiscount><ItemStatus>1</ItemStatus><ItemPrice>11.60</ItemPrice></item><item><PriceUpdateDate>2014-12-01 06:28:16</PriceUpdateDate><ItemCode>835811007807</ItemCode><ItemType>1</ItemType><ItemName>מרשמלו מאמי כשל"פ 18</ItemName><ManufacturerName>מרשמלו מאמי</ManufacturerName><ManufactureCountry>ישראל</ManufactureCountry><ManufacturerItemDescription>מרשמלו מאמי כשל"פ 18</ManufacturerItemDescription><SoldByWeight/><Quantity>180.00</Quantity><UnitOfMeasure>גרם     </UnitOfMeasure><QtyInPackage>לא ידוע</QtyInPackage><UnitOfMeasurePrice>0.0422</UnitOfMeasurePrice><AllowDiscount>1</AllowDiscount><ItemStatus>1</ItemStatus><ItemPrice>7.60</ItemPrice></item><item><PriceUpdateDate>2015-11-15 20:34:48</PriceUpdateDate><ItemCode>835811008347</ItemCode><ItemType>1</ItemType><ItemName>גפרור ענק</ItemName><ManufacturerName>לא ידוע</ManufacturerName><ManufactureCountry>ישראל</ManufactureCountry><ManufacturerItemDescription>גפרור מיוחד ענק</ManufacturerItemDescription><SoldByWeight/><Quantity>0.00</Quantity><UnitOfMeasure>יח'</UnitOfMeasure><QtyInPackage>לא ידוע</QtyInPackage><UnitOfMeasurePrice>0.0000</UnitOfMeasurePrice><AllowDiscount>1</AllowDiscount><ItemStatus>1</ItemStatus><ItemPrice>8.40</ItemPrice></item><item><PriceUpdateDate>2016-01-04 21:32:05</PriceUpdateDate><ItemCode>835811008743</ItemCode><ItemType>1</ItemType><ItemName>קינואה מרובע 500 גרם</ItemName><ManufacturerName>לא ממותג</ManufacturerName><ManufactureCountry>ישראל</ManufactureCountry><ManufacturerItemDescription>קינואה מרובע 500 גרם</ManufacturerItemDescription><SoldByWeight/><Quantity>500.00</Quantity><UnitOfMeasure>גרם     </UnitOfMeasure><QtyInPackage>לא ידוע</QtyInPackage><UnitOfMeasurePrice>0.0458</UnitOfMeasurePrice><AllowDiscount>1</AllowDiscount><ItemStatus>1</ItemStatus><ItemPrice>22.90</ItemPrice></item><item><PriceUpdateDate>2014-12-01 06:28:16</PriceUpdateDate><ItemCode>835811008767</ItemCode><ItemType>1</ItemType><ItemName>גריסי פנינה 500 גרם</ItemName><ManufacturerName>לא ממותג</ManufacturerName><ManufactureCountry>ישראל</ManufactureCountry><ManufacturerItemDescription>גריסי פנינה 500 גרם</ManufacturerItemDescription><SoldByWeight/><Quantity>500.00</Quantity><UnitOfMeasure>גרם     </UnitOfMeasure><QtyInPackage>לא ידוע</QtyInPackage><UnitOfMeasurePrice>0.0118</UnitOfMeasurePrice><AllowDiscount>1</AllowDiscount><ItemStatus>1</ItemStatus><ItemPrice>5.90</ItemPrice></item><item><PriceUpdateDate>2016-03-29 07:28:14</PriceUpdateDate><ItemCode>835811008934</ItemCode><ItemType>1</ItemType><ItemName>מב מזלגות חד פעמי שק</ItemName><ManufacturerName>הנמל</ManufacturerName><ManufactureCountry>ישראל</ManufactureCountry><ManufacturerItemDescription>מב מזלגות חד פעמי שק</ManufacturerItemDescription><SoldByWeight/><Quantity>50.00</Quantity><UnitOfMeasure>בודד</UnitOfMeasure><QtyInPackage>לא ידוע</QtyInPackage><UnitOfMeasurePrice>0.1580</UnitOfMeasurePrice><AllowDiscount>1</AllowDiscount><ItemStatus>1</ItemStatus><ItemPrice>7.90</ItemPrice></item><item><PriceUpdateDate>2016-03-29 07:28:14</PriceUpdateDate><ItemCode>835811008958</ItemCode><ItemType>1</ItemType><ItemName>מב כפיות חד פעמי שקו</ItemName><ManufacturerName>הנמל</ManufacturerName><ManufactureCountry>ישראל</ManufactureCountry><ManufacturerItemDescription>מב כפיות חד פעמי שקו</ManufacturerItemDescription><SoldByWeight/><Quantity>50.00</Quantity><UnitOfMeasure>בודד</UnitOfMeasure><QtyInPackage>לא ידוע</QtyInPackage><UnitOfMeasurePrice>0.1580</UnitOfMeasurePrice><AllowDiscount>1</AllowDiscount><ItemStatus>1</ItemStatus><ItemPrice>7.90</ItemPrice></item><item><PriceUpdateDate>2016-01-04 21:29:57</PriceUpdateDate><ItemCode>835811008996</ItemCode><ItemType>1</ItemType><ItemName>כוסות חד פעמי מקרטון</ItemName><ManufacturerName>הנמל</ManufacturerName><ManufactureCountry>ישראל</ManufactureCountry><ManufacturerItemDescription>כוסות חד פעמי מקרטון</ManufacturerItemDescription><SoldByWeight/><Quantity>1.00</Quantity><UnitOfMeasure>יח'</UnitOfMeasure><QtyInPackage>לא ידוע</QtyInPackage><UnitOfMeasurePrice>12.5000</UnitOfMeasurePrice><AllowDiscount>1</AllowDiscount><ItemStatus>1</ItemStatus><ItemPrice>12.50</ItemPrice></item><item><PriceUpdateDate>2016-02-23 08:21:20</PriceUpdateDate><ItemCode>835811009023</ItemCode><ItemType>1</ItemType><ItemName>מב כוסות חד פעמי מקר</ItemName><ManufacturerName>הנמל</ManufacturerName><ManufactureCountry>ישראל</ManufactureCountry><ManufacturerItemDescription>מב כוסות חד פעמי מקר</ManufacturerItemDescription><SoldByWeight/><Quantity>50.00</Quantity><UnitOfMeasure>יח'</UnitOfMeasure><QtyInPackage>לא ידוע</QtyInPackage><UnitOfMeasurePrice>0.1380</UnitOfMeasurePrice><AllowDiscount>1</AllowDiscount><ItemStatus>1</ItemStatus><ItemPrice>6.90</ItemPrice></item><item><PriceUpdateDate>2016-03-29 07:10:37</PriceUpdateDate><ItemCode>835811009412</ItemCode><ItemType>1</ItemType><ItemName>צלחות קטנות חד פעמי</ItemName><ManufacturerName>הנמל</ManufacturerName><ManufactureCountry>ישראל</ManufactureCountry><ManufacturerItemDescription>צלחות קטנות חד פעמי</ManufacturerItemDescription><SoldByWeight/><Quantity>25.00</Quantity><UnitOfMeasure>בודד</UnitOfMeasure><QtyInPackage>לא ידוע</QtyInPackage><UnitOfMeasurePrice>0.4360</UnitOfMeasurePrice><AllowDiscount>1</AllowDiscount><ItemStatus>1</ItemStatus><ItemPrice>10.90</ItemPrice></item><item><PriceUpdateDate>2016-03-29 07:28:14</PriceUpdateDate><ItemCode>835811009429</ItemCode><ItemType>1</ItemType><ItemName>מב צלחות גדולות חד פ</ItemName><ManufacturerName>הנמל</ManufacturerName><ManufactureCountry>ישראל</ManufactureCountry><ManufacturerItemDescription>מב צלחות גדולות חד פ</ManufacturerItemDescription><SoldByWeight/><Quantity>25.00</Quantity><UnitOfMeasure>בודד</UnitOfMeasure><QtyInPackage>לא ידוע</QtyInPackage><UnitOfMeasurePrice>0.3960</UnitOfMeasurePrice><AllowDiscount>1</AllowDiscount><ItemStatus>1</ItemStatus><ItemPrice>9.90</ItemPrice></item><item><PriceUpdateDate>2016-03-29 07:11:23</PriceUpdateDate><ItemCode>8410104045111</ItemCode><ItemType>1</ItemType><ItemName>מלח למדיח פיניש 2 ק'</ItemName><ManufacturerName>פיניש</ManufacturerName><ManufactureCountry>ישראל</ManufactureCountry><ManufacturerItemDescription>פיניש מלח למדיח 2 קג</ManufacturerItemDescription><SoldByWeight/><Quantity>2000.00</Quantity><UnitOfMeasure>מ"ל</UnitOfMeasure><QtyInPackage>לא ידוע</QtyInPackage><UnitOfMeasurePrice>0.0080</UnitOfMeasurePrice><AllowDiscount>1</AllowDiscount><ItemStatus>1</ItemStatus><ItemPrice>15.90</ItemPrice></item><item><PriceUpdateDate>2015-11-15 20:35:57</PriceUpdateDate><ItemCode>8410104136154</ItemCode><ItemType>1</ItemType><ItemName>פיניש ג'ל פעולה כפול</ItemName><ManufacturerName>פיניש</ManufacturerName><ManufactureCountry>פולין</ManufactureCountry><ManufacturerItemDescription>2 מברשות שיניים  סנסטיב</ManufacturerItemDescription><SoldByWeight/><Quantity>625.00</Quantity><UnitOfMeasure>מ"ל</UnitOfMeasure><QtyInPackage>לא ידוע</QtyInPackage><UnitOfMeasurePrice>0.0736</UnitOfMeasurePrice><AllowDiscount>1</AllowDiscount><ItemStatus>1</ItemStatus><ItemPrice>46.00</ItemPrice></item><item><PriceUpdateDate>2015-07-28 06:30:24</PriceUpdateDate><ItemCode>8683323040100</ItemCode><ItemType>1</ItemType><ItemName>חיספוסים תותי פרוטי</ItemName><ManufacturerName>יוגטה</ManufacturerName><ManufactureCountry>לא ידוע</ManufactureCountry><ManufacturerItemDescription>חיספוסים תותי פרוטי</ManufacturerItemDescription><SoldByWeight/><Quantity>35.00</Quantity><UnitOfMeasure>גרם     </UnitOfMeasure><QtyInPackage>לא ידוע</QtyInPackage><UnitOfMeasurePrice>0.0543</UnitOfMeasurePrice><AllowDiscount>1</AllowDiscount><ItemStatus>1</ItemStatus><ItemPrice>1.90</ItemPrice></item><item><PriceUpdateDate>2015-07-28 06:30:24</PriceUpdateDate><ItemCode>8683323041107</ItemCode><ItemType>1</ItemType><ItemName>חיספוסים תות שדה 35</ItemName><ManufacturerName>יוגטה</ManufacturerName><ManufactureCountry>לא ידוע</ManufactureCountry><ManufacturerItemDescription>חיספוסים תות שדה 35</ManufacturerItemDescription><SoldByWeight/><Quantity>35.00</Quantity><UnitOfMeasure>גרם     </UnitOfMeasure><QtyInPackage>לא ידוע</QtyInPackage><UnitOfMeasurePrice>0.0543</UnitOfMeasurePrice><AllowDiscount>1</AllowDiscount><ItemStatus>1</ItemStatus><ItemPrice>1.90</ItemPrice></item><item><PriceUpdateDate>2016-03-29 07:29:03</PriceUpdateDate><ItemCode>8690777203012</ItemCode><ItemType>1</ItemType><ItemName>מב פלפל ירוק כבוש לא</ItemName><ManufacturerName>וילי פוד</ManufacturerName><ManufactureCountry>ישראל</ManufactureCountry><ManufacturerItemDescription>מב פלפל ירוק כבוש לא</ManufacturerItemDescription><SoldByWeight/><Quantity>300.00</Quantity><UnitOfMeasure>גרם     </UnitOfMeasure><QtyInPackage>לא ידוע</QtyInPackage><UnitOfMeasurePrice>0.0430</UnitOfMeasurePrice><AllowDiscount>1</AllowDiscount><ItemStatus>1</ItemStatus><ItemPrice>12.90</ItemPrice></item><item><PriceUpdateDate>2016-03-29 07:29:03</PriceUpdateDate><ItemCode>8690777206051</ItemCode><ItemType>1</ItemType><ItemName>מב חצילים קלויים על</ItemName><ManufacturerName>Sera</ManufacturerName><ManufactureCountry>ישראל</ManufactureCountry><ManufacturerItemDescription>חציל קלוי על האש 650 גרם</ManufacturerItemDescription><SoldByWeight/><Quantity>650.00</Quantity><UnitOfMeasure>גרם     </UnitOfMeasure><QtyInPackage>לא ידוע</QtyInPackage><UnitOfMeasurePrice>0.0198</UnitOfMeasurePrice><AllowDiscount>1</AllowDiscount><ItemStatus>1</ItemStatus><ItemPrice>12.90</ItemPrice></item><item><PriceUpdateDate>2015-11-12 15:14:04</PriceUpdateDate><ItemCode>8691899052014</ItemCode><ItemType>1</ItemType><ItemName>כוסות שתייה קרה ח.פ</ItemName><ManufacturerName>לא ממותג</ManufacturerName><ManufactureCountry>ישראל</ManufactureCountry><ManufacturerItemDescription>כוסות שתייה קרה ח.פ</ManufacturerItemDescription><SoldByWeight/><Quantity>100.00</Quantity><UnitOfMeasure>קר'</UnitOfMeasure><QtyInPackage>לא ידוע</QtyInPackage><UnitOfMeasurePrice>0.0500</UnitOfMeasurePrice><AllowDiscount>1</AllowDiscount><ItemStatus>1</ItemStatus><ItemPrice>5.00</ItemPrice></item><item><PriceUpdateDate>2015-07-27 08:16:46</PriceUpdateDate><ItemCode>8693323030902</ItemCode><ItemType>1</ItemType><ItemName>מרשמלו ממולא ג'לי יו</ItemName><ManufacturerName>יוגטה</ManufacturerName><ManufactureCountry>ישראל</ManufactureCountry><ManufacturerItemDescription>מרשמלו ממולא ג'לי יו</ManufacturerItemDescription><SoldByWeight/><Quantity>500.00</Quantity><UnitOfMeasure>גרם     </UnitOfMeasure><QtyInPackage>לא ידוע</QtyInPackage><UnitOfMeasurePrice>0.0332</UnitOfMeasurePrice><AllowDiscount>1</AllowDiscount><ItemStatus>1</ItemStatus><ItemPrice>16.60</ItemPrice></item><item><PriceUpdateDate>2015-11-12 07:12:59</PriceUpdateDate><ItemCode>8693323031909</ItemCode><ItemType>1</ItemType><ItemName>מרשמלו ממולא ג'לי יו</ItemName><ManufacturerName>יוגטה</ManufacturerName><ManufactureCountry>ישראל</ManufactureCountry><ManufacturerItemDescription>מרשמלו ממולא ג'לי יו</ManufacturerItemDescription><SoldByWeight/><Quantity>90.00</Quantity><UnitOfMeasure>גרם     </UnitOfMeasure><QtyInPackage>לא ידוע</QtyInPackage><UnitOfMeasurePrice>0.0556</UnitOfMeasurePrice><AllowDiscount>1</AllowDiscount><ItemStatus>1</ItemStatus><ItemPrice>5.00</ItemPrice></item><item><PriceUpdateDate>2015-11-12 07:12:59</PriceUpdateDate><ItemCode>8693323690113</ItemCode><ItemType>1</ItemType><ItemName>גומי 100 גרם בצורת ד</ItemName><ManufacturerName>יוגטה</ManufacturerName><ManufactureCountry>ישראל</ManufactureCountry><ManufacturerItemDescription>סוכריות ג'לי    ם 100גרם</ManufacturerItemDescription><SoldByWeight/><Quantity>100.00</Quantity><UnitOfMeasure>גרם     </UnitOfMeasure><QtyInPackage>לא ידוע</QtyInPackage><UnitOfMeasurePrice>0.0710</UnitOfMeasurePrice><AllowDiscount>1</AllowDiscount><ItemStatus>1</ItemStatus><ItemPrice>7.10</ItemPrice></item><item><PriceUpdateDate>2015-07-12 11:57:33</PriceUpdateDate><ItemCode>8697530910743</ItemCode><ItemType>1</ItemType><ItemName>ס.פאל מאל כחול קצר ב</ItemName><ManufacturerName>פאל מאל</ManufacturerName><ManufactureCountry>ישראל</ManufactureCountry><ManufacturerItemDescription>פאל מאל חפ.     סה</ManufacturerItemDescription><SoldByWeight/><Quantity>0.00</Quantity><UnitOfMeasure>יח'</UnitOfMeasure><QtyInPackage>לא ידוע</QtyInPackage><UnitOfMeasurePrice>0.0000</UnitOfMeasurePrice><AllowDiscount>1</AllowDiscount><ItemStatus>1</ItemStatus><ItemPrice>28.70</ItemPrice></item><item><PriceUpdateDate>2015-07-12 11:57:33</PriceUpdateDate><ItemCode>8697530910750</ItemCode><ItemType>1</ItemType><ItemName>ס.פאל מאל כחול ארוך</ItemName><ManufacturerName>פאל מאל</ManufacturerName><ManufactureCountry>ישראל</ManufactureCountry><ManufacturerItemDescription>פאל מאל חפ.     ך חפ.</ManufacturerItemDescription><SoldByWeight/><Quantity>0.00</Quantity><UnitOfMeasure>יח'</UnitOfMeasure><QtyInPackage>לא ידוע</QtyInPackage><UnitOfMeasurePrice>0.0000</UnitOfMeasurePrice><AllowDiscount>1</AllowDiscount><ItemStatus>1</ItemStatus><ItemPrice>28.70</ItemPrice></item><item><PriceUpdateDate>2015-07-12 11:57:33</PriceUpdateDate><ItemCode>8697530911276</ItemCode><ItemType>1</ItemType><ItemName>ס.קנט קצר בודד</ItemName><ManufacturerName>קנט</ManufacturerName><ManufactureCountry>ישראל</ManufactureCountry><ManufacturerItemDescription>קנט קצר חפיסה</ManufacturerItemDescription><SoldByWeight/><Quantity>0.00</Quantity><UnitOfMeasure>יח'</UnitOfMeasure><QtyInPackage>לא ידוע</QtyInPackage><UnitOfMeasurePrice>0.0000</UnitOfMeasurePrice><AllowDiscount>1</AllowDiscount><ItemStatus>1</ItemStatus><ItemPrice>34.70</ItemPrice></item><item><PriceUpdateDate>2015-12-13 13:41:10</PriceUpdateDate><ItemCode>8697781932211</ItemCode><ItemType>1</ItemType><ItemName>כוסות שתיה קרה ח.פ 1</ItemName><ManufacturerName>לא ממותג</ManufacturerName><ManufactureCountry>לא ידוע</ManufactureCountry><ManufacturerItemDescription>כוסות שתיה קרה ח.פ 1</ManufacturerItemDescription><SoldByWeight/><Quantity>100.00</Quantity><UnitOfMeasure>יח'</UnitOfMeasure><QtyInPackage>לא ידוע</QtyInPackage><UnitOfMeasurePrice>0.0390</UnitOfMeasurePrice><AllowDiscount>1</AllowDiscount><ItemStatus>1</ItemStatus><ItemPrice>3.90</ItemPrice></item><item><PriceUpdateDate>2015-11-02 17:21:18</PriceUpdateDate><ItemCode>8712561676106</ItemCode><ItemType>1</ItemType><ItemName>ואזלין ספריי קרם גוף</ItemName><ManufacturerName>ואזלין אינטנסיב</ManufacturerName><ManufactureCountry>ישראל</ManufactureCountry><ManufacturerItemDescription>ואזלין ספריי קרם גוף</ManufacturerItemDescription><SoldByWeight/><Quantity>190.00</Quantity><UnitOfMeasure>מ"ל</UnitOfMeasure><QtyInPackage>לא ידוע</QtyInPackage><UnitOfMeasurePrice>0.1837</UnitOfMeasurePrice><AllowDiscount>1</AllowDiscount><ItemStatus>1</ItemStatus><ItemPrice>34.90</ItemPrice></item><item><PriceUpdateDate>2015-11-02 17:21:18</PriceUpdateDate><ItemCode>8712561692533</ItemCode><ItemType>1</ItemType><ItemName>ואזלין ספריי קרם גוף</ItemName><ManufacturerName>ואזלין אינטנסיב</ManufacturerName><ManufactureCountry>ישראל</ManufactureCountry><ManufacturerItemDescription>ואזלין ספריי קרם גוף</ManufacturerItemDescription><SoldByWeight/><Quantity>190.00</Quantity><UnitOfMeasure>מ"ל</UnitOfMeasure><QtyInPackage>לא ידוע</QtyInPackage><UnitOfMeasurePrice>0.1837</UnitOfMeasurePrice><AllowDiscount>1</AllowDiscount><ItemStatus>1</ItemStatus><ItemPrice>34.90</ItemPrice></item><item><PriceUpdateDate>2015-11-02 17:21:18</PriceUpdateDate><ItemCode>8712561692595</ItemCode><ItemType>1</ItemType><ItemName>ואזלין ספריי קרם גוף</ItemName><ManufacturerName>ואזלין אינטנסיב</ManufacturerName><ManufactureCountry>ישראל</ManufactureCountry><ManufacturerItemDescription>ואזלין ספריי קרם גוף</ManufacturerItemDescription><SoldByWeight/><Quantity>190.00</Quantity><UnitOfMeasure>מ"ל</UnitOfMeasure><QtyInPackage>לא ידוע</QtyInPackage><UnitOfMeasurePrice>0.1837</UnitOfMeasurePrice><AllowDiscount>1</AllowDiscount><ItemStatus>1</ItemStatus><ItemPrice>34.90</ItemPrice></item><item><PriceUpdateDate>2016-05-01 10:32:07</PriceUpdateDate><ItemCode>8714599513866</ItemCode><ItemType>1</ItemType><ItemName>מב קפה ג'יקובס קרונו</ItemName><ManufacturerName>ג'יקובס</ManufacturerName><ManufactureCountry>גרמניה</ManufactureCountry><ManufacturerItemDescription>נסטי אפרסק      יטר</ManufacturerItemDescription><SoldByWeight/><Quantity>200.00</Quantity><UnitOfMeasure>גרם     </UnitOfMeasure><QtyInPackage>לא ידוע</QtyInPackage><UnitOfMeasurePrice>0.1395</UnitOfMeasurePrice><AllowDiscount>1</AllowDiscount><ItemStatus>1</ItemStatus><ItemPrice>27.90</ItemPrice></item><item><PriceUpdateDate>2016-05-08 10:32:15</PriceUpdateDate><ItemCode>8714789095653</ItemCode><ItemType>1</ItemType><ItemName>מב משחת שינים קולגיי</ItemName><ManufacturerName>קולגייט</ManufacturerName><ManufactureCountry>ישראל</ManufactureCountry><ManufacturerItemDescription>משחת שיניים     ל100 מ"ל</ManufacturerItemDescription><SoldByWeight/><Quantity>100.00</Quantity><UnitOfMeasure>מ"ל</UnitOfMeasure><QtyInPackage>לא ידוע</QtyInPackage><UnitOfMeasurePrice>0.0990</UnitOfMeasurePrice><AllowDiscount>1</AllowDiscount><ItemStatus>1</ItemStatus><ItemPrice>9.90</ItemPrice></item><item><PriceUpdateDate>2015-12-01 07:18:22</PriceUpdateDate><ItemCode>8714789190969</ItemCode><ItemType>1</ItemType><ItemName>משחת שיניים קולגייט</ItemName><ManufacturerName>קולגייט</ManufacturerName><ManufactureCountry>ישראל</ManufactureCountry><ManufacturerItemDescription>משחת שיניים קולגייט</ManufacturerItemDescription><SoldByWeight/><Quantity>14.00</Quantity><UnitOfMeasure>גרם     </UnitOfMeasure><QtyInPackage>לא ידוע</QtyInPackage><UnitOfMeasurePrice>1.4357</UnitOfMeasurePrice><AllowDiscount>1</AllowDiscount><ItemStatus>1</ItemStatus><ItemPrice>20.10</ItemPrice></item><item><PriceUpdateDate>2016-03-29 07:29:03</PriceUpdateDate><ItemCode>8714789292915</ItemCode><ItemType>1</ItemType><ItemName>מב מברשת שיניים קולג</ItemName><ManufacturerName>קולגייט</ManufacturerName><ManufactureCountry>סין</ManufactureCountry><ManufacturerItemDescription>קפה טסטרס צ'וייסT 36 גרם</ManufacturerItemDescription><SoldByWeight/><Quantity>0.00</Quantity><UnitOfMeasure>יח'</UnitOfMeasure><QtyInPackage>לא ידוע</QtyInPackage><UnitOfMeasurePrice>0.0000</UnitOfMeasurePrice><AllowDiscount>1</AllowDiscount><ItemStatus>1</ItemStatus><ItemPrice>19.90</ItemPrice></item><item><PriceUpdateDate>2016-03-29 07:29:03</PriceUpdateDate><ItemCode>8714789292939</ItemCode><ItemType>1</ItemType><ItemName>מב מברשת שיניים קולג</ItemName><ManufacturerName>קולגייט</ManufacturerName><ManufactureCountry>ישראל</ManufactureCountry><ManufacturerItemDescription>מב מברשת שיניים קולג</ManufacturerItemDescription><SoldByWeight/><Quantity>0.00</Quantity><UnitOfMeasure>יח'</UnitOfMeasure><QtyInPackage>לא ידוע</QtyInPackage><UnitOfMeasurePrice>0.0000</UnitOfMeasurePrice><AllowDiscount>1</AllowDiscount><ItemStatus>1</ItemStatus><ItemPrice>19.90</ItemPrice></item><item><PriceUpdateDate>2016-05-04 07:47:52</PriceUpdateDate><ItemCode>8715700419732</ItemCode><ItemType>1</ItemType><ItemName>מתבל עגבניות היינץ 7</ItemName><ManufacturerName>היינץ</ManufacturerName><ManufactureCountry>הולנד</ManufactureCountry><ManufacturerItemDescription>קטשופ היינץ 700 גרם</ManufacturerItemDescription><SoldByWeight/><Quantity>700.00</Quantity><UnitOfMeasure>גרם     </UnitOfMeasure><QtyInPackage>לא ידוע</QtyInPackage><UnitOfMeasurePrice>0.0199</UnitOfMeasurePrice><AllowDiscount>1</AllowDiscount><ItemStatus>1</ItemStatus><ItemPrice>13.90</ItemPrice></item><item><PriceUpdateDate>2016-03-16 14:00:35</PriceUpdateDate><ItemCode>8717163607305</ItemCode><ItemType>1</ItemType><ItemName>סבון מוצק דאב רביעיי</ItemName><ManufacturerName>דאב</ManufacturerName><ManufactureCountry>ישראל</ManufactureCountry><ManufacturerItemDescription>סבון מוצק דאב רביעיי</ManufacturerItemDescription><SoldByWeight/><Quantity>400.00</Quantity><UnitOfMeasure>גרם     </UnitOfMeasure><QtyInPackage>לא ידוע</QtyInPackage><UnitOfMeasurePrice>0.0472</UnitOfMeasurePrice><AllowDiscount>1</AllowDiscount><ItemStatus>1</ItemStatus><ItemPrice>18.90</ItemPrice></item><item><PriceUpdateDate>2015-03-19 07:08:34</PriceUpdateDate><ItemCode>8850180040028</ItemCode><ItemType>1</ItemType><ItemName>טמפורה 500 גרם</ItemName><ManufacturerName>לא ממותג</ManufacturerName><ManufactureCountry>ישראל</ManufactureCountry><ManufacturerItemDescription>טמפורה 500 גרם</ManufacturerItemDescription><SoldByWeight/><Quantity>340.00</Quantity><UnitOfMeasure>גרם     </UnitOfMeasure><QtyInPackage>לא ידוע</QtyInPackage><UnitOfMeasurePrice>0.0379</UnitOfMeasurePrice><AllowDiscount>1</AllowDiscount><ItemStatus>1</ItemStatus><ItemPrice>12.90</ItemPrice></item><item><PriceUpdateDate>2015-11-15 20:35:58</PriceUpdateDate><ItemCode>8852111005793</ItemCode><ItemType>1</ItemType><ItemName>דג סיירה בשמן צימחי</ItemName><ManufacturerName>לא ממותג</ManufacturerName><ManufactureCountry>ישראל</ManufactureCountry><ManufacturerItemDescription>דג סיירה בשמן צימחי</ManufacturerItemDescription><SoldByWeight/><Quantity>240.00</Quantity><UnitOfMeasure>גרם     </UnitOfMeasure><QtyInPackage>לא ידוע</QtyInPackage><UnitOfMeasurePrice>0.0321</UnitOfMeasurePrice><AllowDiscount>1</AllowDiscount><ItemStatus>1</ItemStatus><ItemPrice>7.70</ItemPrice></item><item><PriceUpdateDate>2016-03-29 07:29:05</PriceUpdateDate><ItemCode>8858271004799</ItemCode><ItemType>1</ItemType><ItemName>מב רוטב צ'ילי מתוק 7</ItemName><ManufacturerName>לא ממותג</ManufacturerName><ManufactureCountry>ישראל</ManufactureCountry><ManufacturerItemDescription>מב רוטב צ'ילי מתוק 7</ManufacturerItemDescription><SoldByWeight/><Quantity>700.00</Quantity><UnitOfMeasure>מ"ל</UnitOfMeasure><QtyInPackage>לא ידוע</QtyInPackage><UnitOfMeasurePrice>0.0113</UnitOfMeasurePrice><AllowDiscount>1</AllowDiscount><ItemStatus>1</ItemStatus><ItemPrice>7.90</ItemPrice></item><item><PriceUpdateDate>2016-01-26 06:57:21</PriceUpdateDate><ItemCode>8888111030107</ItemCode><ItemType>1</ItemType><ItemName>מארז 4 יח' מיץ תפוחי</ItemName><ManufacturerName>לא ממותג</ManufacturerName><ManufactureCountry>לא ידוע</ManufactureCountry><ManufacturerItemDescription>מארז 4 יח' מיץ תפוחי</ManufacturerItemDescription><SoldByWeight/><Quantity>1000.00</Quantity><UnitOfMeasure>מ"ל</UnitOfMeasure><QtyInPackage>לא ידוע</QtyInPackage><UnitOfMeasurePrice>0.0139</UnitOfMeasurePrice><AllowDiscount>1</AllowDiscount><ItemStatus>1</ItemStatus><ItemPrice>13.90</ItemPrice></item><item><PriceUpdateDate>2015-09-08 12:39:34</PriceUpdateDate><ItemCode>8888111890015</ItemCode><ItemType>1</ItemType><ItemName>מארז 4 יח' מיץ תפוחי</ItemName><ManufacturerName>לא ממותג</ManufacturerName><ManufactureCountry>לא ידוע</ManufactureCountry><ManufacturerItemDescription>מארז 4 יח' מיץ תפוחי</ManufacturerItemDescription><SoldByWeight/><Quantity>1000.00</Quantity><UnitOfMeasure>מ"ל</UnitOfMeasure><QtyInPackage>לא ידוע</QtyInPackage><UnitOfMeasurePrice>0.0129</UnitOfMeasurePrice><AllowDiscount>1</AllowDiscount><ItemStatus>1</ItemStatus><ItemPrice>12.90</ItemPrice></item><item><PriceUpdateDate>2015-01-01 00:00:00</PriceUpdateDate><ItemCode>88888034</ItemCode><ItemType>0</ItemType><ItemName>מזון מהיר</ItemName><ManufacturerName>לא ידוע</ManufacturerName><ManufactureCountry>לא ידוע</ManufactureCountry><ManufacturerItemDescription>מזון מהיר</ManufacturerItemDescription><SoldByWeight/><Quantity>0.00</Quantity><UnitOfMeasure>לא ידוע</UnitOfMeasure><QtyInPackage>לא ידוע</QtyInPackage><UnitOfMeasurePrice>0.0000</UnitOfMeasurePrice><AllowDiscount>1</AllowDiscount><ItemStatus>1</ItemStatus><ItemPrice>0.00</ItemPrice></item><item><PriceUpdateDate>2015-01-01 00:00:00</PriceUpdateDate><ItemCode>88888050</ItemCode><ItemType>0</ItemType><ItemName>בית קפה מעלה אדומים</ItemName><ManufacturerName>לא ידוע</ManufacturerName><ManufactureCountry>לא ידוע</ManufactureCountry><ManufacturerItemDescription>בית קפה מעלה אדומים</ManufacturerItemDescription><SoldByWeight/><Quantity>0.00</Quantity><UnitOfMeasure>לא ידוע</UnitOfMeasure><QtyInPackage>לא ידוע</QtyInPackage><UnitOfMeasurePrice>0.0000</UnitOfMeasurePrice><AllowDiscount>1</AllowDiscount><ItemStatus>1</ItemStatus><ItemPrice>0.00</ItemPrice></item><item><PriceUpdateDate>2015-01-01 00:00:00</PriceUpdateDate><ItemCode>88888068</ItemCode><ItemType>0</ItemType><ItemName>זכיינות חגורות</ItemName><ManufacturerName>לא ידוע</ManufacturerName><ManufactureCountry>לא ידוע</ManufactureCountry><ManufacturerItemDescription>זכיינות חגורות</ManufacturerItemDescription><SoldByWeight/><Quantity>0.00</Quantity><UnitOfMeasure>לא ידוע</UnitOfMeasure><QtyInPackage>לא ידוע</QtyInPackage><UnitOfMeasurePrice>0.0000</UnitOfMeasurePrice><AllowDiscount>1</AllowDiscount><ItemStatus>1</ItemStatus><ItemPrice>0.00</ItemPrice></item><item><PriceUpdateDate>2015-01-01 00:00:00</PriceUpdateDate><ItemCode>88888086</ItemCode><ItemType>0</ItemType><ItemName>אביזרי עזר מכלת</ItemName><ManufacturerName>לא ידוע</ManufacturerName><ManufactureCountry>לא ידוע</ManufactureCountry><ManufacturerItemDescription>אביזרי עזר מכלת</ManufacturerItemDescription><SoldByWeight/><Quantity>0.00</Quantity><UnitOfMeasure>לא ידוע</UnitOfMeasure><QtyInPackage>לא ידוע</QtyInPackage><UnitOfMeasurePrice>0.0000</UnitOfMeasurePrice><AllowDiscount>1</AllowDiscount><ItemStatus>1</ItemStatus><ItemPrice>0.00</ItemPrice></item><item><PriceUpdateDate>2016-03-29 07:11:27</PriceUpdateDate><ItemCode>9000100971461</ItemCode><ItemType>1</ItemType><ItemName>סומט גולד ג'ל למדיח</ItemName><ManufacturerName>סומט</ManufacturerName><ManufactureCountry>ישראל</ManufactureCountry><ManufacturerItemDescription>סומט גולד ג'ל למדיח</ManufacturerItemDescription><SoldByWeight/><Quantity>600.00</Quantity><UnitOfMeasure>מ"ל</UnitOfMeasure><QtyInPackage>לא ידוע</QtyInPackage><UnitOfMeasurePrice>0.0498</UnitOfMeasurePrice><AllowDiscount>1</AllowDiscount><ItemStatus>1</ItemStatus><ItemPrice>29.90</ItemPrice></item><item><PriceUpdateDate>2015-09-08 11:39:18</PriceUpdateDate><ItemCode>9771565038319</ItemCode><ItemType>1</ItemType><ItemName>עיתון רגיל יום א'</ItemName><ManufacturerName>ידיעות אחרונות</ManufacturerName><ManufactureCountry>ישראל</ManufactureCountry><ManufacturerItemDescription>עיתון רגיל יום א'</ManufacturerItemDescription><SoldByWeight/><Quantity>0.00</Quantity><UnitOfMeasure>יח'</UnitOfMeasure><QtyInPackage>לא ידוע</QtyInPackage><UnitOfMeasurePrice>0.0000</UnitOfMeasurePrice><AllowDiscount>1</AllowDiscount><ItemStatus>1</ItemStatus><ItemPrice>2.00</ItemPrice></item><item><PriceUpdateDate>2015-09-08 11:39:18</PriceUpdateDate><ItemCode>9771565038326</ItemCode><ItemType>1</ItemType><ItemName>עיתון רגיל יום ב'</ItemName><ManufacturerName>ידיעות אחרונות</ManufacturerName><ManufactureCountry>ישראל</ManufactureCountry><ManufacturerItemDescription>עיתון רגיל יום ב'</ManufacturerItemDescription><SoldByWeight/><Quantity>0.00</Quantity><UnitOfMeasure>יח'</UnitOfMeasure><QtyInPackage>לא ידוע</QtyInPackage><UnitOfMeasurePrice>0.0000</UnitOfMeasurePrice><AllowDiscount>1</AllowDiscount><ItemStatus>1</ItemStatus><ItemPrice>2.00</ItemPrice></item><item><PriceUpdateDate>2015-09-08 11:39:18</PriceUpdateDate><ItemCode>9771565038333</ItemCode><ItemType>1</ItemType><ItemName>עיתון רגיל יום ג'</ItemName><ManufacturerName>לא ידוע</ManufacturerName><ManufactureCountry>ישראל</ManufactureCountry><ManufacturerItemDescription>עיתון רגיל יום ג'</ManufacturerItemDescription><SoldByWeight/><Quantity>0.00</Quantity><UnitOfMeasure>יח'</UnitOfMeasure><QtyInPackage>לא ידוע</QtyInPackage><UnitOfMeasurePrice>0.0000</UnitOfMeasurePrice><AllowDiscount>1</AllowDiscount><ItemStatus>1</ItemStatus><ItemPrice>2.00</ItemPrice></item><item><PriceUpdateDate>2015-09-08 11:39:18</PriceUpdateDate><ItemCode>9771565038357</ItemCode><ItemType>1</ItemType><ItemName>עיתון רגיל יום ה'</ItemName><ManufacturerName>ידיעות אחרונות</ManufacturerName><ManufactureCountry>ישראל</ManufactureCountry><ManufacturerItemDescription>עיתון רגיל יום ה'</ManufacturerItemDescription><SoldByWeight/><Quantity>0.00</Quantity><UnitOfMeasure>יח'</UnitOfMeasure><QtyInPackage>לא ידוע</QtyInPackage><UnitOfMeasurePrice>0.0000</UnitOfMeasurePrice><AllowDiscount>1</AllowDiscount><ItemStatus>1</ItemStatus><ItemPrice>2.00</ItemPrice></item><item><PriceUpdateDate>2015-09-02 06:47:33</PriceUpdateDate><ItemCode>9771565039125</ItemCode><ItemType>1</ItemType><ItemName>עיתון לאשה יום ב'</ItemName><ManufacturerName>לא ידוע</ManufacturerName><ManufactureCountry>ישראל</ManufactureCountry><ManufacturerItemDescription>עיתון לאשה יום ב'</ManufacturerItemDescription><SoldByWeight/><Quantity>0.00</Quantity><UnitOfMeasure>יח'</UnitOfMeasure><QtyInPackage>לא ידוע</QtyInPackage><UnitOfMeasurePrice>0.0000</UnitOfMeasurePrice><AllowDiscount>1</AllowDiscount><ItemStatus>1</ItemStatus><ItemPrice>18.00</ItemPrice></item><item><PriceUpdateDate>2014-12-01 06:28:27</PriceUpdateDate><ItemCode>9771565051066</ItemCode><ItemType>1</ItemType><ItemName>עיתון ידיעות  יום ו'</ItemName><ManufacturerName>לא ידוע</ManufacturerName><ManufactureCountry>ישראל</ManufactureCountry><ManufacturerItemDescription>עיתון ידיעות  יום ו'</ManufacturerItemDescription><SoldByWeight/><Quantity>0.00</Quantity><UnitOfMeasure>יח'</UnitOfMeasure><QtyInPackage>לא ידוע</QtyInPackage><UnitOfMeasurePrice>0.0000</UnitOfMeasurePrice><AllowDiscount>1</AllowDiscount><ItemStatus>1</ItemStatus><ItemPrice>15.00</ItemPrice></item><item><PriceUpdateDate>2015-09-08 11:39:18</PriceUpdateDate><ItemCode>9771565058317</ItemCode><ItemType>1</ItemType><ItemName>עיתון רגיל יום א'</ItemName><ManufacturerName>ידיעות אחרונות</ManufacturerName><ManufactureCountry>ישראל</ManufactureCountry><ManufacturerItemDescription>עיתון רגיל יום א'</ManufacturerItemDescription><SoldByWeight/><Quantity>0.00</Quantity><UnitOfMeasure>יח'</UnitOfMeasure><QtyInPackage>לא ידוע</QtyInPackage><UnitOfMeasurePrice>0.0000</UnitOfMeasurePrice><AllowDiscount>1</AllowDiscount><ItemStatus>1</ItemStatus><ItemPrice>2.00</ItemPrice></item><item><PriceUpdateDate>2016-05-01 10:32:24</PriceUpdateDate><ItemCode>9771565663252</ItemCode><ItemType>1</ItemType><ItemName>מב מגזין " GO " יום</ItemName><ManufacturerName>לא ידוע</ManufacturerName><ManufactureCountry>ישראל</ManufactureCountry><ManufacturerItemDescription>מב מגזין " GO " יום</ManufacturerItemDescription><SoldByWeight/><Quantity>0.00</Quantity><UnitOfMeasure>יח'</UnitOfMeasure><QtyInPackage>לא ידוע</QtyInPackage><UnitOfMeasurePrice>0.0000</UnitOfMeasurePrice><AllowDiscount>1</AllowDiscount><ItemStatus>1</ItemStatus><ItemPrice>15.00</ItemPrice></item></Items></root>
